Export Time, Export Time Seconds, Last Cycle Count
2022-Mar-18-14:17:19,1647631039,13613

IntID,WARNID,Warn Text,Source,Type,Class,Subclass,Annotation,Reboot Count,Reinit Count,Retry Count,Clear Count,Set,Cleared,Elapsed,Response Time,Temperature,E10 Mode,OpMode,Station Mode,Tester Mode,Air P Low,Part Count,Cycle Count,User ID,Handler ID,Site ID
1,9876,WARNING9876-Recipe Load of System Type found 13 Items with Validation Criteria Range and Value  Total validation errors; go to Recipe detail to view,Machine:System,0,Assist,Other,0,0,0,0,1,11:31:56 17-Nov-2021,11:34:29 17-Nov-2021,00:02:33,139,25.0,Productive,Uninit,1,1,0,0,0,No User Logged In,MTX-A05,NXP-AUS
2,9876,WARNING9876-Recipe Load of Test Type found 4 Items not loaded since not found in Validation C Total validation errors; go to Recipe detail to view,Machine:Test,0,Assist,Other,0,0,0,0,1,11:31:56 17-Nov-2021,11:34:24 17-Nov-2021,00:02:28,139,25.0,Productive,Uninit,1,1,0,0,0,No User Logged In,MTX-A05,NXP-AUS
3,9001,WARNING9001-*Configuration Validation Rule Violation has occurred.,Machine:UI,0,Assist,Other,0,0,0,0,1,11:32:00 17-Nov-2021,11:34:55 17-Nov-2021,00:02:55,135,25.0,Productive,Uninit,1,1,0,0,0,No User Logged In,MTX-A05,NXP-AUS
4,10062,WARNING10062-Output_Ion Ionizers are off,SC1_Handler:MC,0,0,Other,0,0,0,0,0,11:33:05 17-Nov-2021,11:33:06 17-Nov-2021,00:00:01,70,25.0,Productive,Uninit,1,1,0,0,0,NA,MTX-A05,NXP-AUS
5,10063,WARNING10063-Testsite_Ion Ionizers are off,SC1_Handler:MC,0,0,Other,0,0,0,0,0,11:33:05 17-Nov-2021,11:33:06 17-Nov-2021,00:00:01,70,25.0,Productive,Uninit,1,1,0,0,0,NA,MTX-A05,NXP-AUS
6,10061,WARNING10061-Input_Ion Ionizers are off,SC1_Handler:MC,0,0,Other,0,0,0,0,0,11:33:06 17-Nov-2021,11:33:06 17-Nov-2021,00:00:00,69,25.0,Productive,Uninit,1,1,0,0,0,NA,MTX-A05,NXP-AUS
7,12190,WARNING12190-Device maybe in Contactor(s) B2.  Open rear door and remove device before pushing Clear.,SC1_Handler:Ts_Head_Right,0,Assist,Other,0,0,0,0,5,11:40:35 17-Nov-2021,11:50:12 17-Nov-2021,00:09:37,6,25.0,Productive,Running,1,1,0,0,0,5,MTX-A05,NXP-AUS
8,10062,WARNING10062-Output_Ion Ionizers are off,SC1_Handler:MC,0,0,Other,0,0,0,0,0,11:40:59 17-Nov-2021,11:41:42 17-Nov-2021,00:00:43,9,25.0,Productive,Running,1,1,0,0,0,NA,MTX-A05,NXP-AUS
9,10063,WARNING10063-Testsite_Ion Ionizers are off,SC1_Handler:MC,0,0,Other,0,0,0,0,0,11:41:00 17-Nov-2021,11:41:42 17-Nov-2021,00:00:42,8,25.0,Productive,Running,1,1,0,0,0,NA,MTX-A05,NXP-AUS
10,10061,WARNING10061-Input_Ion Ionizers are off,SC1_Handler:MC,0,0,Other,0,0,0,0,0,11:41:00 17-Nov-2021,11:41:42 17-Nov-2021,00:00:42,8,25.0,Productive,Running,1,1,0,0,0,NA,MTX-A05,NXP-AUS
11,10062,WARNING10062-Output_Ion Ionizers are off,SC1_Handler:MC,0,0,Other,0,0,0,0,0,11:43:19 17-Nov-2021,11:43:25 17-Nov-2021,00:00:06,5,25.0,Productive,Running,1,1,0,0,0,NA,MTX-A05,NXP-AUS
12,10063,WARNING10063-Testsite_Ion Ionizers are off,SC1_Handler:MC,0,0,Other,0,0,0,0,0,11:43:19 17-Nov-2021,11:43:25 17-Nov-2021,00:00:06,5,25.0,Productive,Running,1,1,0,0,0,NA,MTX-A05,NXP-AUS
13,10061,WARNING10061-Input_Ion Ionizers are off,SC1_Handler:MC,0,0,Other,0,0,0,0,0,11:43:19 17-Nov-2021,11:43:25 17-Nov-2021,00:00:06,5,25.0,Productive,Running,1,1,0,0,0,NA,MTX-A05,NXP-AUS
14,10062,WARNING10062-Output_Ion Ionizers are off,SC1_Handler:MC,0,0,Other,0,0,0,0,0,11:45:59 17-Nov-2021,11:46:06 17-Nov-2021,00:00:07,6,25.0,Productive,Diag_Recovery,1,1,0,0,0,NA,MTX-A05,NXP-AUS
15,10063,WARNING10063-Testsite_Ion Ionizers are off,SC1_Handler:MC,0,0,Other,0,0,0,0,0,11:45:59 17-Nov-2021,11:46:06 17-Nov-2021,00:00:07,6,25.0,Productive,Diag_Recovery,1,1,0,0,0,NA,MTX-A05,NXP-AUS
16,10061,WARNING10061-Input_Ion Ionizers are off,SC1_Handler:MC,0,0,Other,0,0,0,0,0,11:45:59 17-Nov-2021,11:46:06 17-Nov-2021,00:00:07,6,25.0,Productive,Diag_Recovery,1,1,0,0,0,NA,MTX-A05,NXP-AUS
17,10062,WARNING10062-Output_Ion Ionizers are off,SC1_Handler:MC,0,0,Other,0,0,0,0,0,11:47:27 17-Nov-2021,11:47:56 17-Nov-2021,00:00:29,20,25.0,Productive,Running,1,1,0,0,0,NA,MTX-A05,NXP-AUS
18,10063,WARNING10063-Testsite_Ion Ionizers are off,SC1_Handler:MC,0,0,Other,0,0,0,0,0,11:47:27 17-Nov-2021,11:47:56 17-Nov-2021,00:00:29,20,25.0,Productive,Running,1,1,0,0,0,NA,MTX-A05,NXP-AUS
19,10061,WARNING10061-Input_Ion Ionizers are off,SC1_Handler:MC,0,0,Other,0,0,0,0,0,11:47:27 17-Nov-2021,11:47:56 17-Nov-2021,00:00:29,20,25.0,Productive,Running,1,1,0,0,0,NA,MTX-A05,NXP-AUS
20,10062,WARNING10062-Output_Ion Ionizers are off,SC1_Handler:MC,0,0,Other,0,0,0,0,0,11:49:15 17-Nov-2021,11:49:19 17-Nov-2021,00:00:04,29,25.0,Productive,Running,1,1,0,0,0,NA,MTX-A05,NXP-AUS
21,10063,WARNING10063-Testsite_Ion Ionizers are off,SC1_Handler:MC,0,0,Other,0,0,0,0,0,11:49:15 17-Nov-2021,11:49:20 17-Nov-2021,00:00:05,29,25.0,Productive,Running,1,1,0,0,0,NA,MTX-A05,NXP-AUS
22,10061,WARNING10061-Input_Ion Ionizers are off,SC1_Handler:MC,0,0,Other,0,0,0,0,0,11:49:15 17-Nov-2021,11:49:20 17-Nov-2021,00:00:05,29,25.0,Productive,Running,1,1,0,0,0,NA,MTX-A05,NXP-AUS
33,10062,WARNING10062-Output_Ion Ionizers are off,SC1_Handler:MC,0,0,Other,0,0,0,0,0,22:27:12 17-Nov-2021,22:34:32 17-Nov-2021,00:07:20,55245,25.0,Productive,Initializing,1,1,0,0,44,NA,MTX-A05,NXP-AUS
34,10063,WARNING10063-Testsite_Ion Ionizers are off,SC1_Handler:MC,0,0,Other,0,0,0,0,0,22:27:12 17-Nov-2021,22:34:32 17-Nov-2021,00:07:20,55245,25.0,Productive,Initializing,1,1,0,0,44,NA,MTX-A05,NXP-AUS
35,10061,WARNING10061-Input_Ion Ionizers are off,SC1_Handler:MC,0,0,Other,0,0,0,0,0,22:27:12 17-Nov-2021,22:34:32 17-Nov-2021,00:07:20,55245,25.0,Productive,Initializing,1,1,0,0,44,NA,MTX-A05,NXP-AUS
36,10062,WARNING10062-Output_Ion Ionizers are off,SC1_Handler:MC,0,0,Other,0,0,0,0,0,13:47:57 18-Nov-2021,12:58:18 19-Nov-2021,23:10:21,384023,25.0,Productive,Initializing,1,1,0,0,44,NA,MTX-A05,NXP-AUS
37,10063,WARNING10063-Testsite_Ion Ionizers are off,SC1_Handler:MC,0,0,Other,0,0,0,0,0,13:47:58 18-Nov-2021,12:58:18 19-Nov-2021,23:10:20,384022,25.0,Productive,Initializing,1,1,0,0,44,NA,MTX-A05,NXP-AUS
38,10061,WARNING10061-Input_Ion Ionizers are off,SC1_Handler:MC,0,0,Other,0,0,0,0,0,13:47:58 18-Nov-2021,12:58:18 19-Nov-2021,23:10:20,384022,25.0,Productive,Initializing,1,1,0,0,44,NA,MTX-A05,NXP-AUS
39,9001,WARNING9001-*Configuration Validation Rule Violation has occurred.,Machine:UI,0,0,Other,0,0,0,0,0,12:58:05 19-Nov-2021,15:17:16 19-Nov-2021,02:19:11,300615,25.0,Productive,Diagnostic,1,1,0,0,44,NA,MTX-A05,NXP-AUS
40,9876,WARNING9876-Recipe Load of System Type found 13 Items with Validation Criteria Range and Value  Total validation errors; go to Recipe detail to view,Machine:System,0,0,Other,0,0,0,0,0,13:32:33 19-Nov-2021,15:17:16 19-Nov-2021,01:44:43,298547,25.0,Productive,Initializing,1,1,0,0,44,NA,MTX-A05,NXP-AUS
41,14104,WARNING14104-Boat Chamber will reach temperature more quickly; if the handler is started.,SC1_Handler:Boat_Xport,0,0,Other,0,0,0,0,0,06:03:36 26-Nov-2021,06:03:52 26-Nov-2021,00:00:16,145,25.0,Productive,Initializing,1,1,0,0,44,NA,MTX-A05,NXP-AUS
42,9001,WARNING9001-*Configuration Validation Rule Violation has occurred.,Machine:UI,0,0,Other,0,0,0,0,0,06:03:40 26-Nov-2021,06:06:10 26-Nov-2021,00:02:30,141,25.0,Productive,Initializing,1,1,0,0,44,NA,MTX-A05,NXP-AUS
43,14104,WARNING14104-Boat Chamber will reach temperature more quickly; if the handler is started.,SC1_Handler:Boat_Xport,0,0,Other,0,0,0,0,0,06:06:01 26-Nov-2021,06:23:51 26-Nov-2021,00:17:50,1076,25.0,Productive,Initializing,1,1,0,0,44,NA,MTX-A05,NXP-AUS
44,9001,WARNING9001-*Configuration Validation Rule Violation has occurred.,Machine:UI,0,0,Other,0,0,0,0,0,06:23:57 26-Nov-2021,14:19:04 01-Dec-2021,127:55:07,457622,25.0,Productive,Initializing,1,1,0,0,44,NA,MTX-A05,NXP-AUS
45,10062,WARNING10062-Output_Ion Ionizers are off,SC1_Handler:MC,0,0,Other,0,0,0,0,0,09:57:05 29-Nov-2021,14:18:16 01-Dec-2021,52:21:11,185634,25.0,Productive,Initializing,1,1,0,0,44,NA,MTX-A05,NXP-AUS
46,10063,WARNING10063-Testsite_Ion Ionizers are off,SC1_Handler:MC,0,0,Other,0,0,0,0,0,09:57:06 29-Nov-2021,14:18:16 01-Dec-2021,52:21:10,185633,25.0,Productive,Initializing,1,1,0,0,44,NA,MTX-A05,NXP-AUS
47,10061,WARNING10061-Input_Ion Ionizers are off,SC1_Handler:MC,0,0,Other,0,0,0,0,0,09:57:06 29-Nov-2021,14:18:16 01-Dec-2021,52:21:10,185633,25.0,Productive,Initializing,1,1,0,0,44,NA,MTX-A05,NXP-AUS
48,14104,WARNING14104-Boat Chamber will reach temperature more quickly; if the handler is started.,SC1_Handler:Boat_Xport,0,0,Other,0,0,0,0,0,14:18:41 01-Dec-2021,14:20:05 01-Dec-2021,00:01:24,340,25.0,Productive,Initializing,1,1,0,0,44,NA,MTX-A05,NXP-AUS
49,10062,WARNING10062-Output_Ion Ionizers are off,SC1_Handler:MC,0,0,Other,0,0,0,0,0,14:21:06 01-Dec-2021,14:23:01 01-Dec-2021,00:01:55,195,150.0,Productive,Initializing,1,1,0,0,44,NA,MTX-A05,NXP-AUS
50,10063,WARNING10063-Testsite_Ion Ionizers are off,SC1_Handler:MC,0,0,Other,0,0,0,0,0,14:21:07 01-Dec-2021,14:23:01 01-Dec-2021,00:01:54,194,150.0,Productive,Initializing,1,1,0,0,44,NA,MTX-A05,NXP-AUS
51,10061,WARNING10061-Input_Ion Ionizers are off,SC1_Handler:MC,0,0,Other,0,0,0,0,0,14:21:07 01-Dec-2021,14:23:01 01-Dec-2021,00:01:54,194,150.0,Productive,Initializing,1,1,0,0,44,NA,MTX-A05,NXP-AUS
52,10062,WARNING10062-Output_Ion Ionizers are off,SC1_Handler:MC,0,0,Other,0,0,0,0,0,14:24:21 01-Dec-2021,16:18:30 01-Dec-2021,01:54:09,5931,150.0,Productive,Initializing,1,1,0,0,44,NA,MTX-A05,NXP-AUS
53,10063,WARNING10063-Testsite_Ion Ionizers are off,SC1_Handler:MC,0,0,Other,0,0,0,0,0,14:24:21 01-Dec-2021,16:18:30 01-Dec-2021,01:54:09,5931,150.0,Productive,Initializing,1,1,0,0,44,NA,MTX-A05,NXP-AUS
54,10061,WARNING10061-Input_Ion Ionizers are off,SC1_Handler:MC,0,0,Other,0,0,0,0,0,14:24:22 01-Dec-2021,16:18:30 01-Dec-2021,01:54:08,5930,150.0,Productive,Initializing,1,1,0,0,44,NA,MTX-A05,NXP-AUS
55,9001,WARNING9001-*Configuration Validation Rule Violation has occurred.,Machine:UI,0,0,Other,0,0,0,0,0,16:03:12 01-Dec-2021,16:18:23 01-Dec-2021,00:15:11,895,25.0,Productive,Initializing,1,1,0,0,44,NA,MTX-A05,NXP-AUS
56,14104,WARNING14104-Boat Chamber will reach temperature more quickly; if the handler is started.,SC1_Handler:Boat_Xport,0,0,Other,0,0,0,0,0,16:18:07 01-Dec-2021,16:18:25 01-Dec-2021,00:00:18,2150,150.0,Productive,Initializing,1,1,0,0,44,NA,MTX-A05,NXP-AUS
57,10041,WARNING10041-There is a problem with Soft Start ByPass Contactor.Please verify.,SC1_Handler,0,0,Other,0,0,0,0,0,16:18:26 01-Dec-2021,16:18:30 01-Dec-2021,00:00:04,2131,50.0,Productive,Initializing,1,1,0,0,44,NA,MTX-A05,NXP-AUS
58,9001,WARNING9001-*Configuration Validation Rule Violation has occurred.,Machine:UI,0,0,Other,0,0,0,0,0,16:53:57 01-Dec-2021,16:59:17 01-Dec-2021,00:05:20,438470,25.0,Productive,Initializing,1,1,0,0,44,NA,MTX-A05,NXP-AUS
59,10062,WARNING10062-Output_Ion Ionizers are off,SC1_Handler:MC,0,0,Other,0,0,0,0,0,18:41:47 06-Dec-2021,22:42:18 06-Dec-2021,04:00:31,41550,25.0,Productive,Initializing,1,1,0,0,44,NA,MTX-A05,NXP-AUS
60,10063,WARNING10063-Testsite_Ion Ionizers are off,SC1_Handler:MC,0,0,Other,0,0,0,0,0,18:41:47 06-Dec-2021,22:42:18 06-Dec-2021,04:00:31,41550,25.0,Productive,Initializing,1,1,0,0,44,NA,MTX-A05,NXP-AUS
61,10061,WARNING10061-Input_Ion Ionizers are off,SC1_Handler:MC,0,0,Other,0,0,0,0,0,18:41:48 06-Dec-2021,22:42:18 06-Dec-2021,04:00:30,41549,25.0,Productive,Initializing,1,1,0,0,44,NA,MTX-A05,NXP-AUS
62,10062,WARNING10062-Output_Ion Ionizers are off,SC1_Handler:MC,0,0,Other,0,0,0,0,0,06:14:17 07-Dec-2021,16:42:02 20-Dec-2021,322:27:45,1161455,25.0,Productive,Initializing,1,1,0,0,44,NA,MTX-A05,NXP-AUS
63,10063,WARNING10063-Testsite_Ion Ionizers are off,SC1_Handler:MC,0,0,Other,0,0,0,0,0,06:14:17 07-Dec-2021,16:42:03 20-Dec-2021,322:27:46,1161455,25.0,Productive,Initializing,1,1,0,0,44,NA,MTX-A05,NXP-AUS
64,10061,WARNING10061-Input_Ion Ionizers are off,SC1_Handler:MC,0,0,Other,0,0,0,0,0,06:14:17 07-Dec-2021,16:42:03 20-Dec-2021,322:27:46,1161455,25.0,Productive,Initializing,1,1,0,0,44,NA,MTX-A05,NXP-AUS
65,9001,WARNING9001-*Configuration Validation Rule Violation has occurred.,Machine:UI,0,0,Reboot,0,1,0,0,0,19:39:37 11-Dec-2021,16:49:00 20-Dec-2021,213:09:23,767535,25.0,Productive,Initializing,1,1,0,0,44,NA,MTX-A05,NXP-AUS
66,9001,WARNING9001-*Configuration Validation Rule Violation has occurred.,Machine:UI,0,0,Other,0,0,0,0,0,16:49:30 20-Dec-2021,12:38:32 27-Dec-2021,163:49:02,142,25.0,Productive,Uninit,1,1,0,0,44,NA,MTX-A05,NXP-AUS
67,10062,WARNING10062-Output_Ion Ionizers are off,SC1_Handler:MC,0,0,Other,0,0,0,0,0,16:50:45 20-Dec-2021,12:38:16 27-Dec-2021,163:47:31,67,25.0,Productive,Uninit,1,1,0,0,44,NA,MTX-A05,NXP-AUS
68,10063,WARNING10063-Testsite_Ion Ionizers are off,SC1_Handler:MC,0,0,Other,0,0,0,0,0,16:50:45 20-Dec-2021,12:38:16 27-Dec-2021,163:47:31,67,25.0,Productive,Uninit,1,1,0,0,44,NA,MTX-A05,NXP-AUS
69,10061,WARNING10061-Input_Ion Ionizers are off,SC1_Handler:MC,0,0,Other,0,0,0,0,0,16:50:45 20-Dec-2021,12:38:16 27-Dec-2021,163:47:31,67,25.0,Productive,Uninit,1,1,0,0,44,NA,MTX-A05,NXP-AUS
70,10041,WARNING10041-There is a problem with Soft Start ByPass Contactor.Please verify.,SC1_Handler,0,0,Other,0,0,0,0,0,12:37:36 27-Dec-2021,12:38:26 27-Dec-2021,00:00:50,136,25.0,Alarm,Uninit,1,1,0,0,44,NA,MTX-A05,NXP-AUS
71,10062,WARNING10062-Output_Ion Ionizers are off,SC1_Handler:MC,0,0,Other,0,0,0,0,0,12:42:34 27-Dec-2021,12:48:02 27-Dec-2021,00:05:28,416,25.0,Alarm,Diagnostic,1,1,0,0,44,NA,MTX-A05,NXP-AUS
72,10063,WARNING10063-Testsite_Ion Ionizers are off,SC1_Handler:MC,0,0,Other,0,0,0,0,0,12:42:34 27-Dec-2021,12:48:02 27-Dec-2021,00:05:28,416,25.0,Alarm,Diagnostic,1,1,0,0,44,NA,MTX-A05,NXP-AUS
73,10061,WARNING10061-Input_Ion Ionizers are off,SC1_Handler:MC,0,0,Other,0,0,0,0,0,12:42:34 27-Dec-2021,12:48:02 27-Dec-2021,00:05:28,416,25.0,Alarm,Diagnostic,1,1,0,0,44,NA,MTX-A05,NXP-AUS
74,9001,WARNING9001-*Configuration Validation Rule Violation has occurred.,Machine:UI,0,0,Other,0,0,0,0,0,12:49:30 27-Dec-2021,12:59:41 27-Dec-2021,00:10:11,36,25.0,Alarm,Diagnostic,1,1,0,0,44,NA,MTX-A05,NXP-AUS
75,14104,WARNING14104-Boat Chamber will reach temperature more quickly; if the handler is started.,SC1_Handler:Boat_Xport,0,0,Other,0,0,0,0,0,12:49:47 27-Dec-2021,12:50:30 27-Dec-2021,00:00:43,19,50.0,Alarm,Diagnostic,1,1,0,0,44,NA,MTX-A05,NXP-AUS
76,4392,WARNING4392-Chamber Gear Box is sensing low air Flow.  Shutting down Heaters.,SC1_Handler:TCS,0,0,Other,0,0,0,0,0,12:49:48 27-Dec-2021,12:50:31 27-Dec-2021,00:00:43,18,50.0,Alarm,Diagnostic,1,1,0,0,44,NA,MTX-A05,NXP-AUS
77,4388,WARNING4388-LN2 Pressure is out of range. Check supply.  Handler LN2 valve now shutoff.,SC1_Handler:TCS,0,0,Other,0,0,0,0,0,12:49:49 27-Dec-2021,12:59:54 27-Dec-2021,00:10:05,17,50.0,Alarm,Diagnostic,1,1,0,0,44,NA,MTX-A05,NXP-AUS
78,4402,WARNING4402-Zone Left_Input_Shuttle is taking too long to reach setpoint.,SC1_Handler:TCS,0,0,Other,0,0,0,0,0,12:50:06 27-Dec-2021,12:50:31 27-Dec-2021,00:00:25,458,50.0,Alarm,Diagnostic,1,1,0,0,44,NA,MTX-A05,NXP-AUS
79,4403,WARNING4403-Zone Right_Input_Shuttle is taking too long to reach setpoint.,SC1_Handler:TCS,0,0,Other,0,0,0,0,0,12:50:06 27-Dec-2021,12:50:31 27-Dec-2021,00:00:25,458,50.0,Alarm,Diagnostic,1,1,0,0,44,NA,MTX-A05,NXP-AUS
80,4406,WARNING4406-Zone Left_TS_3A is taking too long to reach setpoint.,SC1_Handler:TCS,0,0,Other,0,0,0,0,0,12:50:06 27-Dec-2021,12:50:31 27-Dec-2021,00:00:25,458,50.0,Alarm,Diagnostic,1,1,0,0,44,NA,MTX-A05,NXP-AUS
81,4407,WARNING4407-Zone Left_TS_4A is taking too long to reach setpoint.,SC1_Handler:TCS,0,0,Other,0,0,0,0,0,12:50:06 27-Dec-2021,12:50:31 27-Dec-2021,00:00:25,458,50.0,Alarm,Diagnostic,1,1,0,0,44,NA,MTX-A05,NXP-AUS
82,4408,WARNING4408-Zone Right_TS_1A is taking too long to reach setpoint.,SC1_Handler:TCS,0,0,Other,0,0,0,0,0,12:50:06 27-Dec-2021,12:50:31 27-Dec-2021,00:00:25,458,50.0,Alarm,Diagnostic,1,1,0,0,44,NA,MTX-A05,NXP-AUS
83,4409,WARNING4409-Zone Right_TS_2A is taking too long to reach setpoint.,SC1_Handler:TCS,0,0,Other,0,0,0,0,0,12:50:07 27-Dec-2021,12:50:31 27-Dec-2021,00:00:24,457,50.0,Alarm,Diagnostic,1,1,0,0,44,NA,MTX-A05,NXP-AUS
84,4414,WARNING4414-Zone Left_TS_3B is taking too long to reach setpoint.,SC1_Handler:TCS,0,0,Other,0,0,0,0,0,12:50:07 27-Dec-2021,12:50:31 27-Dec-2021,00:00:24,457,50.0,Alarm,Diagnostic,1,1,0,0,44,NA,MTX-A05,NXP-AUS
85,4415,WARNING4415-Zone Left_TS_4B is taking too long to reach setpoint.,SC1_Handler:TCS,0,0,Other,0,0,0,0,0,12:50:07 27-Dec-2021,12:50:31 27-Dec-2021,00:00:24,457,50.0,Alarm,Diagnostic,1,1,0,0,44,NA,MTX-A05,NXP-AUS
86,4416,WARNING4416-Zone Right_TS_1B is taking too long to reach setpoint.,SC1_Handler:TCS,0,0,Other,0,0,0,0,0,12:50:07 27-Dec-2021,12:50:31 27-Dec-2021,00:00:24,457,50.0,Alarm,Diagnostic,1,1,0,0,44,NA,MTX-A05,NXP-AUS
87,4417,WARNING4417-Zone Right_TS_2B is taking too long to reach setpoint.,SC1_Handler:TCS,0,0,Other,0,0,0,0,0,12:50:07 27-Dec-2021,12:50:31 27-Dec-2021,00:00:24,457,50.0,Alarm,Diagnostic,1,1,0,0,44,NA,MTX-A05,NXP-AUS
88,4436,WARNING4436-Zone Contactor is taking too long to reach setpoint.,SC1_Handler:TCS,0,0,Other,0,0,0,0,0,12:50:07 27-Dec-2021,12:50:20 27-Dec-2021,00:00:13,457,50.0,Alarm,Diagnostic,1,1,0,0,44,NA,MTX-A05,NXP-AUS
89,10062,WARNING10062-Output_Ion Ionizers are off,SC1_Handler:MC,0,0,Other,0,0,0,0,0,12:57:44 27-Dec-2021,12:58:08 27-Dec-2021,00:00:24,0,25.0,Alarm,Diagnostic,1,1,0,0,44,NA,MTX-A05,NXP-AUS
90,10063,WARNING10063-Testsite_Ion Ionizers are off,SC1_Handler:MC,0,0,Other,0,0,0,0,0,12:57:44 27-Dec-2021,12:58:08 27-Dec-2021,00:00:24,68,25.0,Alarm,Diagnostic,1,1,0,0,44,NA,MTX-A05,NXP-AUS
91,10061,WARNING10061-Input_Ion Ionizers are off,SC1_Handler:MC,0,0,Other,0,0,0,0,0,12:57:44 27-Dec-2021,12:58:09 27-Dec-2021,00:00:25,68,25.0,Alarm,Diagnostic,1,1,0,0,44,NA,MTX-A05,NXP-AUS
92,14104,WARNING14104-Boat Chamber will reach temperature more quickly; if the handler is started.,SC1_Handler:Boat_Xport,0,0,Other,0,0,0,0,0,12:58:27 27-Dec-2021,12:59:27 27-Dec-2021,00:01:00,25,25.0,Alarm,Diagnostic,1,1,0,0,44,NA,MTX-A05,NXP-AUS
93,10062,WARNING10062-Output_Ion Ionizers are off,SC1_Handler:MC,0,0,Other,0,0,0,0,0,13:18:00 30-Dec-2021,17:50:04 04-Jan-2022,124:32:04,592494,25.0,Alarm,Running,1,1,0,0,44,NA,MTX-A05,NXP-AUS
94,10063,WARNING10063-Testsite_Ion Ionizers are off,SC1_Handler:MC,0,0,Other,0,0,0,0,0,13:18:00 30-Dec-2021,17:50:04 04-Jan-2022,124:32:04,592494,25.0,Alarm,Running,1,1,0,0,44,NA,MTX-A05,NXP-AUS
95,10061,WARNING10061-Input_Ion Ionizers are off,SC1_Handler:MC,0,0,Other,0,0,0,0,0,13:18:00 30-Dec-2021,17:50:04 04-Jan-2022,124:32:04,592494,25.0,Alarm,Running,1,1,0,0,44,NA,MTX-A05,NXP-AUS
96,9001,WARNING9001-*Configuration Validation Rule Violation has occurred.,Machine:UI,0,0,Other,0,0,0,0,0,22:18:03 06-Jan-2022,22:19:02 06-Jan-2022,00:00:59,13,25.0,Alarm,Diag_Recovery,1,1,0,0,44,NA,MTX-A05,NXP-AUS
97,14104,WARNING14104-Boat Chamber will reach temperature more quickly; if the handler is started.,SC1_Handler:Boat_Xport,0,0,Other,0,0,0,0,0,22:18:16 06-Jan-2022,22:18:42 06-Jan-2022,00:00:26,0,10.0,Alarm,Diag_Recovery,1,1,0,0,44,NA,MTX-A05,NXP-AUS
98,4388,WARNING4388-LN2 Pressure is out of range. Check supply.  Handler LN2 valve now shutoff.,SC1_Handler:TCS,0,0,Reboot,0,1,0,0,0,22:18:16 06-Jan-2022,12:51:08 13-Jan-2022,158:32:52,19,10.0,Alarm,Diag_Recovery,1,1,0,0,44,NA,MTX-A05,NXP-AUS
99,4389,WARNING4389-Internal regulated LN2 pressure was reported by the PPC as out of range.  Please verify regulated LN2 pressure displayed on the PPC is within expected operating range.  If PPC pressure display is out of range; or no display is present; check facility LN2 inlet pressure or troubleshoot handler cold gas control subsystem fault as required.,SC1_Handler:TCS,0,0,Other,0,0,0,0,0,22:18:35 06-Jan-2022,22:18:46 06-Jan-2022,00:00:11,9,10.0,Alarm,Diag_Recovery,1,1,0,0,44,NA,MTX-A05,NXP-AUS
100,10062,WARNING10062-Output_Ion Ionizers are off,SC1_Handler:MC,0,0,Other,0,0,0,0,0,12:41:09 13-Jan-2022,12:41:09 13-Jan-2022,00:00:00,70,25.0,Alarm,Diag_Recovery,1,1,0,0,44,NA,MTX-A05,NXP-AUS
101,10063,WARNING10063-Testsite_Ion Ionizers are off,SC1_Handler:MC,0,0,Other,0,0,0,0,0,12:41:09 13-Jan-2022,12:41:09 13-Jan-2022,00:00:00,70,25.0,Alarm,Diag_Recovery,1,1,0,0,44,NA,MTX-A05,NXP-AUS
102,10061,WARNING10061-Input_Ion Ionizers are off,SC1_Handler:MC,0,0,Other,0,0,0,0,0,12:41:09 13-Jan-2022,12:41:09 13-Jan-2022,00:00:00,70,25.0,Alarm,Diag_Recovery,1,1,0,0,44,NA,MTX-A05,NXP-AUS
103,10001,WARNING10001-Left TPS Access Door was detected to be open without first requesting it to be unlocked.  Must re-init to recover.  Please check all door locks and make sure they do not report open when they are pulled on while locked.,SC1_Handler,0,0,Reboot,0,1,0,0,0,12:41:09 13-Jan-2022,12:51:08 13-Jan-2022,00:09:59,70,25.0,Alarm,Diag_Recovery,1,1,0,0,44,NA,MTX-A05,NXP-AUS
104,4496,WARNING4496-TCore communications problem.,SC1_Handler:KryoProxy,0,0,Reboot,0,1,0,0,0,12:41:11 13-Jan-2022,12:51:08 13-Jan-2022,00:09:57,68,25.0,Alarm,Diag_Recovery,1,1,0,0,44,NA,MTX-A05,NXP-AUS
105,9001,WARNING9001-*Configuration Validation Rule Violation has occurred.,Machine:UI,0,0,Reboot,0,1,0,0,0,12:51:38 13-Jan-2022,13:05:12 13-Jan-2022,00:13:34,139,25.0,Productive,Uninit,1,1,0,0,44,NA,MTX-A05,NXP-AUS
106,10062,WARNING10062-Output_Ion Ionizers are off,SC1_Handler:MC,0,0,Reboot,0,1,0,0,0,12:52:50 13-Jan-2022,13:05:12 13-Jan-2022,00:12:22,67,25.0,Productive,Uninit,1,1,0,0,44,NA,MTX-A05,NXP-AUS
107,10063,WARNING10063-Testsite_Ion Ionizers are off,SC1_Handler:MC,0,0,Reboot,0,1,0,0,0,12:52:50 13-Jan-2022,13:05:12 13-Jan-2022,00:12:22,67,25.0,Productive,Uninit,1,1,0,0,44,NA,MTX-A05,NXP-AUS
108,10061,WARNING10061-Input_Ion Ionizers are off,SC1_Handler:MC,0,0,Reboot,0,1,0,0,0,12:52:50 13-Jan-2022,13:05:12 13-Jan-2022,00:12:22,67,25.0,Productive,Uninit,1,1,0,0,44,NA,MTX-A05,NXP-AUS
109,4496,WARNING4496-TCore communications problem.,SC1_Handler:KryoProxy,0,0,Reboot,0,1,0,0,0,13:00:38 13-Jan-2022,13:05:12 13-Jan-2022,00:04:34,51,25.0,Productive,Uninit,1,1,0,0,44,NA,MTX-A05,NXP-AUS
110,9001,WARNING9001-*Configuration Validation Rule Violation has occurred.,Machine:UI,0,0,Reboot,0,1,0,0,0,13:05:42 13-Jan-2022,13:18:10 13-Jan-2022,00:12:28,139,25.0,Productive,Uninit,1,1,0,0,44,NA,MTX-A05,NXP-AUS
111,10062,WARNING10062-Output_Ion Ionizers are off,SC1_Handler:MC,0,0,Reboot,0,1,0,0,0,13:06:51 13-Jan-2022,13:18:10 13-Jan-2022,00:11:19,70,25.0,Productive,Uninit,1,1,0,0,44,NA,MTX-A05,NXP-AUS
112,10063,WARNING10063-Testsite_Ion Ionizers are off,SC1_Handler:MC,0,0,Reboot,0,1,0,0,0,13:06:52 13-Jan-2022,13:18:10 13-Jan-2022,00:11:18,69,25.0,Productive,Uninit,1,1,0,0,44,NA,MTX-A05,NXP-AUS
113,10061,WARNING10061-Input_Ion Ionizers are off,SC1_Handler:MC,0,0,Reboot,0,1,0,0,0,13:06:54 13-Jan-2022,13:18:10 13-Jan-2022,00:11:16,67,25.0,Productive,Uninit,1,1,0,0,44,NA,MTX-A05,NXP-AUS
114,4496,WARNING4496-TCore communications problem.,SC1_Handler:KryoProxy,0,0,Reboot,0,1,0,0,0,13:10:12 13-Jan-2022,13:18:10 13-Jan-2022,00:07:58,135,25.0,Productive,Uninit,1,1,0,0,44,NA,MTX-A05,NXP-AUS
115,9001,WARNING9001-*Configuration Validation Rule Violation has occurred.,Machine:UI,0,0,Reboot,0,1,0,0,0,13:18:40 13-Jan-2022,13:45:50 13-Jan-2022,00:27:10,142,25.0,Productive,Uninit,1,1,0,0,44,NA,MTX-A05,NXP-AUS
116,10062,WARNING10062-Output_Ion Ionizers are off,SC1_Handler:MC,0,0,Reboot,0,1,0,0,0,13:19:52 13-Jan-2022,13:45:50 13-Jan-2022,00:25:58,70,25.0,Productive,Uninit,1,1,0,0,44,NA,MTX-A05,NXP-AUS
117,10063,WARNING10063-Testsite_Ion Ionizers are off,SC1_Handler:MC,0,0,Reboot,0,1,0,0,0,13:19:55 13-Jan-2022,13:45:50 13-Jan-2022,00:25:55,67,25.0,Productive,Uninit,1,1,0,0,44,NA,MTX-A05,NXP-AUS
118,10061,WARNING10061-Input_Ion Ionizers are off,SC1_Handler:MC,0,0,Reboot,0,1,0,0,0,13:19:55 13-Jan-2022,13:45:50 13-Jan-2022,00:25:55,67,25.0,Productive,Uninit,1,1,0,0,44,NA,MTX-A05,NXP-AUS
119,4496,WARNING4496-TCore communications problem.,SC1_Handler:KryoProxy,0,0,Reboot,0,1,0,0,0,13:35:30 13-Jan-2022,13:45:50 13-Jan-2022,00:10:20,15,25.0,Productive,Uninit,1,1,0,0,44,NA,MTX-A05,NXP-AUS
120,9001,WARNING9001-*Configuration Validation Rule Violation has occurred.,Machine:UI,0,0,Reboot,0,1,0,0,0,13:46:19 13-Jan-2022,14:41:10 13-Jan-2022,00:54:51,142,25.0,Productive,Uninit,1,1,0,0,44,NA,MTX-A05,NXP-AUS
121,10062,WARNING10062-Output_Ion Ionizers are off,SC1_Handler:MC,0,0,Reboot,0,1,0,0,0,13:47:32 13-Jan-2022,14:41:10 13-Jan-2022,00:53:38,69,25.0,Productive,Uninit,1,1,0,0,44,NA,MTX-A05,NXP-AUS
122,10063,WARNING10063-Testsite_Ion Ionizers are off,SC1_Handler:MC,0,0,Reboot,0,1,0,0,0,13:47:34 13-Jan-2022,14:41:10 13-Jan-2022,00:53:36,67,25.0,Productive,Uninit,1,1,0,0,44,NA,MTX-A05,NXP-AUS
123,10061,WARNING10061-Input_Ion Ionizers are off,SC1_Handler:MC,0,0,Reboot,0,1,0,0,0,13:47:34 13-Jan-2022,14:41:10 13-Jan-2022,00:53:36,67,25.0,Productive,Uninit,1,1,0,0,44,NA,MTX-A05,NXP-AUS
124,9001,WARNING9001-*Configuration Validation Rule Violation has occurred.,Machine:UI,0,0,Reboot,0,1,0,0,0,14:46:55 13-Jan-2022,14:04:18 14-Jan-2022,23:17:23,143,25.0,Productive,Uninit,1,1,0,0,44,NA,MTX-A05,NXP-AUS
125,10062,WARNING10062-Output_Ion Ionizers are off,SC1_Handler:MC,0,0,Reboot,0,1,0,0,0,14:48:08 13-Jan-2022,14:04:18 14-Jan-2022,23:16:10,70,25.0,Productive,Uninit,1,1,0,0,44,NA,MTX-A05,NXP-AUS
126,10063,WARNING10063-Testsite_Ion Ionizers are off,SC1_Handler:MC,0,0,Reboot,0,1,0,0,0,14:48:11 13-Jan-2022,14:04:18 14-Jan-2022,23:16:07,67,25.0,Productive,Uninit,1,1,0,0,44,NA,MTX-A05,NXP-AUS
127,10061,WARNING10061-Input_Ion Ionizers are off,SC1_Handler:MC,0,0,Reboot,0,1,0,0,0,14:48:11 13-Jan-2022,14:04:18 14-Jan-2022,23:16:07,67,25.0,Productive,Uninit,1,1,0,0,44,NA,MTX-A05,NXP-AUS
128,4496,WARNING4496-TCore communications problem.,SC1_Handler:KryoProxy,0,0,Reboot,0,1,0,0,0,14:50:35 13-Jan-2022,14:04:18 14-Jan-2022,23:13:43,83795,25.0,Productive,Uninit,1,1,0,0,44,NA,MTX-A05,NXP-AUS
129,9001,WARNING9001-*Configuration Validation Rule Violation has occurred.,Machine:UI,0,0,Other,0,0,0,0,0,14:04:48 14-Jan-2022,14:07:51 14-Jan-2022,00:03:03,142,25.0,Productive,Uninit,1,1,0,0,44,NA,MTX-A05,NXP-AUS
130,10062,WARNING10062-Output_Ion Ionizers are off,SC1_Handler:MC,0,0,Other,0,0,0,0,0,14:06:03 14-Jan-2022,14:07:35 14-Jan-2022,00:01:32,67,25.0,Productive,Uninit,1,1,0,0,44,NA,MTX-A05,NXP-AUS
131,10063,WARNING10063-Testsite_Ion Ionizers are off,SC1_Handler:MC,0,0,Other,0,0,0,0,0,14:06:03 14-Jan-2022,14:07:35 14-Jan-2022,00:01:32,67,25.0,Productive,Uninit,1,1,0,0,44,NA,MTX-A05,NXP-AUS
132,10061,WARNING10061-Input_Ion Ionizers are off,SC1_Handler:MC,0,0,Other,0,0,0,0,0,14:06:03 14-Jan-2022,14:07:35 14-Jan-2022,00:01:32,67,25.0,Productive,Uninit,1,1,0,0,44,NA,MTX-A05,NXP-AUS
133,9001,WARNING9001-*Configuration Validation Rule Violation has occurred.,Machine:UI,0,0,Other,0,0,0,0,0,12:33:18 17-Jan-2022,12:36:19 17-Jan-2022,00:03:01,142,25.0,Productive,Uninit,1,1,0,0,44,NA,MTX-A05,NXP-AUS
134,10062,WARNING10062-Output_Ion Ionizers are off,SC1_Handler:MC,0,0,Other,0,0,0,0,0,12:34:33 17-Jan-2022,12:37:10 17-Jan-2022,00:02:37,67,25.0,Productive,Uninit,1,1,0,0,44,NA,MTX-A05,NXP-AUS
135,10063,WARNING10063-Testsite_Ion Ionizers are off,SC1_Handler:MC,0,0,Other,0,0,0,0,0,12:34:33 17-Jan-2022,12:37:10 17-Jan-2022,00:02:37,67,25.0,Productive,Uninit,1,1,0,0,44,NA,MTX-A05,NXP-AUS
136,10061,WARNING10061-Input_Ion Ionizers are off,SC1_Handler:MC,0,0,Other,0,0,0,0,0,12:34:33 17-Jan-2022,12:37:10 17-Jan-2022,00:02:37,67,25.0,Productive,Uninit,1,1,0,0,44,NA,MTX-A05,NXP-AUS
137,10062,WARNING10062-Output_Ion Ionizers are off,SC1_Handler:MC,0,0,Other,0,0,0,0,0,12:38:48 17-Jan-2022,12:41:16 17-Jan-2022,00:02:28,96,25.0,Productive,Initializing,1,1,0,0,44,NA,MTX-A05,NXP-AUS
138,10063,WARNING10063-Testsite_Ion Ionizers are off,SC1_Handler:MC,0,0,Other,0,0,0,0,0,12:38:48 17-Jan-2022,12:41:16 17-Jan-2022,00:02:28,96,25.0,Productive,Initializing,1,1,0,0,44,NA,MTX-A05,NXP-AUS
139,10061,WARNING10061-Input_Ion Ionizers are off,SC1_Handler:MC,0,0,Other,0,0,0,0,0,12:38:48 17-Jan-2022,12:41:16 17-Jan-2022,00:02:28,96,25.0,Productive,Initializing,1,1,0,0,44,NA,MTX-A05,NXP-AUS
140,6451,WARNING6451-Partial Input Tray Detected at Input TPS1; Please confirm and Clear; or Retry as required.,SC1_Handler:PnP_Input,0,Assist,Other,0,0,0,0,1,12:51:46 17-Jan-2022,12:51:49 17-Jan-2022,00:00:03,1765,25.0,Productive,Running,1,1,0,0,44,5,MTX-A05,NXP-AUS
141,9001,WARNING9001-*Configuration Validation Rule Violation has occurred.,Machine:UI,0,0,Other,0,0,0,0,0,12:53:58 17-Jan-2022,12:54:24 17-Jan-2022,00:00:26,1633,25.0,Productive,Running,1,1,0,0,88,NA,MTX-A05,NXP-AUS
142,14104,WARNING14104-Boat Chamber will reach temperature more quickly; if the handler is started.,SC1_Handler:Boat_Xport,0,0,Other,0,0,0,0,0,12:54:05 17-Jan-2022,12:54:32 17-Jan-2022,00:00:27,1626,-45.0,Productive,Running,1,1,0,0,88,NA,MTX-A05,NXP-AUS
143,6451,WARNING6451-Partial Input Tray Detected at Input TPS1; Please confirm and Clear; or Retry as required.,SC1_Handler:PnP_Input,0,Assist,Other,0,0,0,0,1,13:21:11 17-Jan-2022,13:21:14 17-Jan-2022,00:00:03,212,-45.0,Engineering,Running,1,1,0,0,88,5,MTX-A05,NXP-AUS
144,14104,WARNING14104-Boat Chamber will reach temperature more quickly; if the handler is started.,SC1_Handler:Boat_Xport,0,0,Other,0,0,0,0,0,13:23:42 17-Jan-2022,13:24:22 17-Jan-2022,00:00:40,61,-45.0,Engineering,Running,1,1,0,0,132,NA,MTX-A05,NXP-AUS
145,6451,WARNING6451-Partial Input Tray Detected at Input TPS1; Please confirm and Clear; or Retry as required.,SC1_Handler:PnP_Input,0,Assist,Other,0,0,0,0,1,14:02:59 17-Jan-2022,14:10:11 17-Jan-2022,00:07:12,430,90.0,Engineering,Running,1,1,0,0,132,5,MTX-A05,NXP-AUS
146,14104,WARNING14104-Boat Chamber will reach temperature more quickly; if the handler is started.,SC1_Handler:Boat_Xport,0,0,Other,0,0,0,0,0,14:14:05 17-Jan-2022,14:14:09 17-Jan-2022,00:00:04,69959,90.0,Engineering,Running,1,1,0,0,176,NA,MTX-A05,NXP-AUS
147,14104,WARNING14104-Boat Chamber will reach temperature more quickly; if the handler is started.,SC1_Handler:Boat_Xport,0,0,Other,0,0,0,0,0,14:21:22 17-Jan-2022,14:23:39 17-Jan-2022,00:02:17,69522,25.0,Engineering,Initializing,1,1,0,0,176,NA,MTX-A05,NXP-AUS
148,9001,WARNING9001-*Configuration Validation Rule Violation has occurred.,Machine:UI,0,0,Other,0,0,0,0,0,14:29:54 17-Jan-2022,09:40:48 18-Jan-2022,19:10:54,69010,25.0,Engineering,Initializing,1,1,0,0,176,NA,MTX-A05,NXP-AUS
149,10062,WARNING10062-Output_Ion Ionizers are off,SC1_Handler:MC,0,0,Other,0,0,0,0,0,09:40:04 18-Jan-2022,09:40:32 18-Jan-2022,00:00:28,12610,25.0,Engineering,Initializing,1,1,0,0,176,NA,MTX-A05,NXP-AUS
150,10063,WARNING10063-Testsite_Ion Ionizers are off,SC1_Handler:MC,0,0,Other,0,0,0,0,0,09:40:04 18-Jan-2022,09:40:32 18-Jan-2022,00:00:28,12610,25.0,Engineering,Initializing,1,1,0,0,176,NA,MTX-A05,NXP-AUS
151,10061,WARNING10061-Input_Ion Ionizers are off,SC1_Handler:MC,0,0,Other,0,0,0,0,0,09:40:04 18-Jan-2022,09:40:32 18-Jan-2022,00:00:28,12610,25.0,Engineering,Initializing,1,1,0,0,176,NA,MTX-A05,NXP-AUS
152,10062,WARNING10062-Output_Ion Ionizers are off,SC1_Handler:MC,0,0,Other,0,0,0,0,0,10:16:51 18-Jan-2022,10:17:01 18-Jan-2022,00:00:10,10403,25.0,Engineering,Diagnostic,1,1,0,0,176,NA,MTX-A05,NXP-AUS
153,10063,WARNING10063-Testsite_Ion Ionizers are off,SC1_Handler:MC,0,0,Other,0,0,0,0,0,10:16:52 18-Jan-2022,10:17:02 18-Jan-2022,00:00:10,10402,25.0,Engineering,Diagnostic,1,1,0,0,176,NA,MTX-A05,NXP-AUS
154,10061,WARNING10061-Input_Ion Ionizers are off,SC1_Handler:MC,0,0,Other,0,0,0,0,0,10:16:52 18-Jan-2022,10:17:02 18-Jan-2022,00:00:10,10402,25.0,Engineering,Diagnostic,1,1,0,0,176,NA,MTX-A05,NXP-AUS
155,14104,WARNING14104-Boat Chamber will reach temperature more quickly; if the handler is started.,SC1_Handler:Boat_Xport,0,0,Other,0,0,0,0,0,10:21:55 18-Jan-2022,11:03:05 18-Jan-2022,00:41:10,10099,25.0,Engineering,Diagnostic,1,1,0,0,176,NA,MTX-A05,NXP-AUS
156,9001,WARNING9001-*Configuration Validation Rule Violation has occurred.,Machine:UI,0,0,Other,0,0,0,0,0,10:21:58 18-Jan-2022,10:22:14 18-Jan-2022,00:00:16,10096,25.0,Engineering,Diagnostic,1,1,0,0,176,NA,MTX-A05,NXP-AUS
157,4400,WARNING4400-Zone Upper_Chamber is taking too long to reach setpoint.,SC1_Handler:TCS,0,0,Other,0,0,0,0,0,10:22:13 18-Jan-2022,10:22:14 18-Jan-2022,00:00:01,10081,25.0,Engineering,Diagnostic,1,1,0,0,176,NA,MTX-A05,NXP-AUS
158,4401,WARNING4401-Zone Lower_Chamber is taking too long to reach setpoint.,SC1_Handler:TCS,0,0,Other,0,0,0,0,0,10:22:13 18-Jan-2022,10:22:15 18-Jan-2022,00:00:02,10081,25.0,Engineering,Diagnostic,1,1,0,0,176,NA,MTX-A05,NXP-AUS
159,9001,WARNING9001-*Configuration Validation Rule Violation has occurred.,Machine:UI,0,0,Other,0,0,0,0,0,10:57:31 18-Jan-2022,11:02:09 18-Jan-2022,00:04:38,7963,25.0,Engineering,Diagnostic,1,1,0,0,176,NA,MTX-A05,NXP-AUS
160,12731,WARNING12731-Transition Sensor Blocked; Contactor move prohibited.,SC1_Handler:Ts_Contactor,0,0,Other,0,0,0,0,0,11:03:28 18-Jan-2022,11:09:58 18-Jan-2022,00:06:30,7606,25.0,Engineering,Initializing,1,1,0,0,176,NA,MTX-A05,NXP-AUS
161,9001,WARNING9001-*Configuration Validation Rule Violation has occurred.,Machine:UI,0,0,Other,0,0,0,0,0,11:09:34 18-Jan-2022,11:09:44 18-Jan-2022,00:00:10,7240,25.0,Engineering,Initializing,1,1,0,0,176,NA,MTX-A05,NXP-AUS
162,14104,WARNING14104-Boat Chamber will reach temperature more quickly; if the handler is started.,SC1_Handler:Boat_Xport,0,0,Other,0,0,0,0,0,11:12:02 18-Jan-2022,11:12:26 18-Jan-2022,00:00:24,7092,25.0,Engineering,Initializing,1,1,0,0,176,NA,MTX-A05,NXP-AUS
163,9001,WARNING9001-*Configuration Validation Rule Violation has occurred.,Machine:UI,0,0,Other,0,0,0,0,0,11:12:08 18-Jan-2022,11:12:20 18-Jan-2022,00:00:12,7086,25.0,Engineering,Initializing,1,1,0,0,176,NA,MTX-A05,NXP-AUS
164,12731,WARNING12731-Transition Sensor Blocked; Contactor move prohibited.,SC1_Handler:Ts_Contactor,0,0,Other,0,0,0,0,0,11:12:35 18-Jan-2022,11:19:23 18-Jan-2022,00:06:48,7059,25.0,Engineering,Initializing,1,1,0,0,176,NA,MTX-A05,NXP-AUS
165,4410,WARNING4410-Zone Right_TS_3A is taking too long to reach setpoint.,SC1_Handler:TCS,0,0,Other,0,0,0,0,0,11:16:45 18-Jan-2022,11:16:45 18-Jan-2022,00:00:00,6809,25.0,Engineering,Initializing,1,1,0,0,176,NA,MTX-A05,NXP-AUS
166,4411,WARNING4411-Zone Right_TS_4A is taking too long to reach setpoint.,SC1_Handler:TCS,0,0,Other,0,0,0,0,0,11:16:45 18-Jan-2022,11:16:45 18-Jan-2022,00:00:00,6809,25.0,Engineering,Initializing,1,1,0,0,176,NA,MTX-A05,NXP-AUS
167,4418,WARNING4418-Zone Right_TS_3B is taking too long to reach setpoint.,SC1_Handler:TCS,0,0,Other,0,0,0,0,0,11:16:45 18-Jan-2022,11:16:45 18-Jan-2022,00:00:00,6809,25.0,Engineering,Initializing,1,1,0,0,176,NA,MTX-A05,NXP-AUS
168,4419,WARNING4419-Zone Right_TS_4B is taking too long to reach setpoint.,SC1_Handler:TCS,0,0,Other,0,0,0,0,0,11:16:45 18-Jan-2022,11:16:46 18-Jan-2022,00:00:01,6809,25.0,Engineering,Initializing,1,1,0,0,176,NA,MTX-A05,NXP-AUS
169,9001,WARNING9001-*Configuration Validation Rule Violation has occurred.,Machine:UI,0,0,Other,0,0,0,0,0,11:25:36 18-Jan-2022,11:25:45 18-Jan-2022,00:00:09,6278,25.0,Engineering,Initializing,1,1,0,0,176,NA,MTX-A05,NXP-AUS
170,14104,WARNING14104-Boat Chamber will reach temperature more quickly; if the handler is started.,SC1_Handler:Boat_Xport,0,0,Other,0,0,0,0,0,11:27:03 18-Jan-2022,11:27:42 18-Jan-2022,00:00:39,6191,25.0,Engineering,Initializing,1,1,0,0,176,NA,MTX-A05,NXP-AUS
171,9001,WARNING9001-*Configuration Validation Rule Violation has occurred.,Machine:UI,0,0,Other,0,0,0,0,0,11:27:09 18-Jan-2022,11:27:19 18-Jan-2022,00:00:10,6185,25.0,Engineering,Initializing,1,1,0,0,176,NA,MTX-A05,NXP-AUS
172,14104,WARNING14104-Boat Chamber will reach temperature more quickly; if the handler is started.,SC1_Handler:Boat_Xport,0,0,Other,0,0,0,0,0,11:46:04 18-Jan-2022,11:46:22 18-Jan-2022,00:00:18,5050,125.0,Engineering,Initializing,1,1,0,0,176,NA,MTX-A05,NXP-AUS
173,12731,WARNING12731-Transition Sensor Blocked; Contactor move prohibited.,SC1_Handler:Ts_Contactor,0,0,Other,0,0,0,0,0,11:46:29 18-Jan-2022,12:06:40 18-Jan-2022,00:20:11,5025,125.0,Unknown,Initializing,1,1,0,0,176,NA,MTX-A05,NXP-AUS
174,4300,WARNING4300-Upper_Chamber  potential non-responsive heater. Check all RTD an,SC1_Handler:TCS,0,0,Other,0,0,0,0,0,11:49:38 18-Jan-2022,12:04:59 18-Jan-2022,00:15:21,4836,125.0,Unknown,Initializing,1,1,0,0,176,NA,MTX-A05,NXP-AUS
175,9001,WARNING9001-*Configuration Validation Rule Violation has occurred.,Machine:UI,0,0,Other,0,0,0,0,0,11:49:40 18-Jan-2022,12:05:06 18-Jan-2022,00:15:26,4834,125.0,Unknown,Initializing,1,1,0,0,176,NA,MTX-A05,NXP-AUS
176,14104,WARNING14104-Boat Chamber will reach temperature more quickly; if the handler is started.,SC1_Handler:Boat_Xport,0,0,Other,0,0,0,0,0,11:59:58 18-Jan-2022,12:04:49 18-Jan-2022,00:04:51,4216,25.0,Unknown,Initializing,1,1,0,0,176,NA,MTX-A05,NXP-AUS
177,14104,WARNING14104-Boat Chamber will reach temperature more quickly; if the handler is started.,SC1_Handler:Boat_Xport,0,0,Other,0,0,0,0,0,12:06:14 18-Jan-2022,12:06:37 18-Jan-2022,00:00:23,3840,25.0,Unknown,Initializing,1,1,0,0,176,NA,MTX-A05,NXP-AUS
178,9001,WARNING9001-*Configuration Validation Rule Violation has occurred.,Machine:UI,0,0,Other,0,0,0,0,0,12:06:20 18-Jan-2022,12:06:32 18-Jan-2022,00:00:12,3834,25.0,Unknown,Initializing,1,1,0,0,176,NA,MTX-A05,NXP-AUS
179,14104,WARNING14104-Boat Chamber will reach temperature more quickly; if the handler is started.,SC1_Handler:Boat_Xport,0,0,Other,0,0,0,0,0,12:11:25 18-Jan-2022,12:11:46 18-Jan-2022,00:00:21,3529,25.0,Unknown,Initializing,1,1,0,0,176,NA,MTX-A05,NXP-AUS
180,12731,WARNING12731-Transition Sensor Blocked; Contactor move prohibited.,SC1_Handler:Ts_Contactor,0,0,Other,0,0,0,0,0,12:11:53 18-Jan-2022,14:13:19 18-Jan-2022,02:01:26,3501,-45.0,Unknown,Initializing,1,1,0,0,176,NA,MTX-A05,NXP-AUS
181,4408,WARNING4408-Zone Right_TS_1A is taking too long to reach setpoint.,SC1_Handler:TCS,0,0,Other,0,0,0,0,0,13:04:10 18-Jan-2022,13:09:41 18-Jan-2022,00:05:31,364,-45.0,Unknown,Initializing,1,1,0,0,176,NA,MTX-A05,NXP-AUS
182,14104,WARNING14104-Boat Chamber will reach temperature more quickly; if the handler is started.,SC1_Handler:Boat_Xport,0,0,Other,0,0,0,0,0,13:09:31 18-Jan-2022,13:44:43 18-Jan-2022,00:35:12,43,50.0,Unknown,Initializing,1,1,0,0,176,NA,MTX-A05,NXP-AUS
183,10062,WARNING10062-Output_Ion Ionizers are off,SC1_Handler:MC,0,0,Other,0,0,0,0,0,13:10:14 18-Jan-2022,13:43:57 18-Jan-2022,00:33:43,3657,50.0,Unknown,Initializing,1,1,0,0,176,NA,MTX-A05,NXP-AUS
184,10063,WARNING10063-Testsite_Ion Ionizers are off,SC1_Handler:MC,0,0,Other,0,0,0,0,0,13:10:14 18-Jan-2022,13:43:57 18-Jan-2022,00:33:43,3657,50.0,Unknown,Initializing,1,1,0,0,176,NA,MTX-A05,NXP-AUS
185,10061,WARNING10061-Input_Ion Ionizers are off,SC1_Handler:MC,0,0,Other,0,0,0,0,0,13:10:14 18-Jan-2022,13:43:57 18-Jan-2022,00:33:43,3657,50.0,Unknown,Initializing,1,1,0,0,176,NA,MTX-A05,NXP-AUS
186,14104,WARNING14104-Boat Chamber will reach temperature more quickly; if the handler is started.,SC1_Handler:Boat_Xport,0,0,Other,0,0,0,0,0,13:59:11 18-Jan-2022,14:13:18 18-Jan-2022,00:14:07,720,150.0,Unknown,Initializing,1,1,0,0,176,NA,MTX-A05,NXP-AUS
187,10062,WARNING10062-Output_Ion Ionizers are off,SC1_Handler:MC,0,0,Other,0,0,0,0,0,14:11:11 18-Jan-2022,14:13:03 18-Jan-2022,00:01:52,127,150.0,Unknown,Initializing,1,1,0,0,176,NA,MTX-A05,NXP-AUS
188,10063,WARNING10063-Testsite_Ion Ionizers are off,SC1_Handler:MC,0,0,Other,0,0,0,0,0,14:11:11 18-Jan-2022,14:13:03 18-Jan-2022,00:01:52,127,150.0,Unknown,Initializing,1,1,0,0,176,NA,MTX-A05,NXP-AUS
189,10061,WARNING10061-Input_Ion Ionizers are off,SC1_Handler:MC,0,0,Other,0,0,0,0,0,14:11:11 18-Jan-2022,14:13:03 18-Jan-2022,00:01:52,127,150.0,Unknown,Initializing,1,1,0,0,176,NA,MTX-A05,NXP-AUS
190,14104,WARNING14104-Boat Chamber will reach temperature more quickly; if the handler is started.,SC1_Handler:Boat_Xport,0,0,Other,0,0,0,0,0,14:16:57 18-Jan-2022,14:49:20 19-Jan-2022,24:32:23,2410,125.0,Unknown,Initializing,1,1,0,0,176,NA,MTX-A05,NXP-AUS
191,10062,WARNING10062-Output_Ion Ionizers are off,SC1_Handler:MC,0,0,Other,0,0,0,0,0,14:12:15 19-Jan-2022,14:49:01 19-Jan-2022,00:36:46,165222,150.0,Unknown,Initializing,1,1,0,0,176,NA,MTX-A05,NXP-AUS
192,10063,WARNING10063-Testsite_Ion Ionizers are off,SC1_Handler:MC,0,0,Other,0,0,0,0,0,14:12:15 19-Jan-2022,14:49:01 19-Jan-2022,00:36:46,165222,150.0,Unknown,Initializing,1,1,0,0,176,NA,MTX-A05,NXP-AUS
193,10061,WARNING10061-Input_Ion Ionizers are off,SC1_Handler:MC,0,0,Other,0,0,0,0,0,14:12:15 19-Jan-2022,14:49:01 19-Jan-2022,00:36:46,165222,150.0,Unknown,Initializing,1,1,0,0,176,NA,MTX-A05,NXP-AUS
194,14104,WARNING14104-Boat Chamber will reach temperature more quickly; if the handler is started.,SC1_Handler:Boat_Xport,0,0,Other,0,0,0,0,0,15:35:12 19-Jan-2022,15:23:09 21-Jan-2022,47:47:57,160245,50.0,Unknown,Initializing,1,1,0,0,176,NA,MTX-A05,NXP-AUS
195,10062,WARNING10062-Output_Ion Ionizers are off,SC1_Handler:MC,0,0,Other,0,0,0,0,0,12:05:57 21-Jan-2022,11:00:00 24-Jan-2022,70:54:03,11859,50.0,Unknown,Initializing,1,1,0,0,176,NA,MTX-A05,NXP-AUS
196,10063,WARNING10063-Testsite_Ion Ionizers are off,SC1_Handler:MC,0,0,Other,0,0,0,0,0,12:05:57 21-Jan-2022,11:00:00 24-Jan-2022,70:54:03,11859,50.0,Unknown,Initializing,1,1,0,0,176,NA,MTX-A05,NXP-AUS
197,10061,WARNING10061-Input_Ion Ionizers are off,SC1_Handler:MC,0,0,Other,0,0,0,0,0,12:05:57 21-Jan-2022,11:00:00 24-Jan-2022,70:54:03,11859,50.0,Unknown,Initializing,1,1,0,0,176,NA,MTX-A05,NXP-AUS
198,14104,WARNING14104-Boat Chamber will reach temperature more quickly; if the handler is started.,SC1_Handler:Boat_Xport,0,0,Other,0,0,0,0,0,10:52:54 24-Jan-2022,10:57:30 24-Jan-2022,00:04:36,2273,25.0,Unknown,Initializing,1,1,0,0,176,NA,MTX-A05,NXP-AUS
199,9001,WARNING9001-*Configuration Validation Rule Violation has occurred.,Machine:UI,0,0,Other,0,0,0,0,0,10:57:37 24-Jan-2022,11:00:16 24-Jan-2022,00:02:39,1990,25.0,Unknown,Initializing,1,1,0,0,176,NA,MTX-A05,NXP-AUS
200,10062,WARNING10062-Output_Ion Ionizers are off,SC1_Handler:MC,0,0,Other,0,0,0,0,0,11:03:49 24-Jan-2022,11:04:16 24-Jan-2022,00:00:27,1618,25.0,Unknown,Diagnostic,1,1,0,0,176,NA,MTX-A05,NXP-AUS
201,10063,WARNING10063-Testsite_Ion Ionizers are off,SC1_Handler:MC,0,0,Other,0,0,0,0,0,11:03:49 24-Jan-2022,11:04:16 24-Jan-2022,00:00:27,1618,25.0,Unknown,Diagnostic,1,1,0,0,176,NA,MTX-A05,NXP-AUS
202,10061,WARNING10061-Input_Ion Ionizers are off,SC1_Handler:MC,0,0,Other,0,0,0,0,0,11:03:49 24-Jan-2022,11:04:16 24-Jan-2022,00:00:27,1618,25.0,Unknown,Diagnostic,1,1,0,0,176,NA,MTX-A05,NXP-AUS
203,10062,WARNING10062-Output_Ion Ionizers are off,SC1_Handler:MC,0,0,Other,0,0,0,0,0,11:19:41 24-Jan-2022,11:22:47 24-Jan-2022,00:03:06,666,25.0,Standby,Diagnostic,1,1,0,0,176,NA,MTX-A05,NXP-AUS
204,10063,WARNING10063-Testsite_Ion Ionizers are off,SC1_Handler:MC,0,0,Other,0,0,0,0,0,11:19:41 24-Jan-2022,11:22:47 24-Jan-2022,00:03:06,666,25.0,Standby,Diagnostic,1,1,0,0,176,NA,MTX-A05,NXP-AUS
205,10061,WARNING10061-Input_Ion Ionizers are off,SC1_Handler:MC,0,0,Other,0,0,0,0,0,11:19:42 24-Jan-2022,11:22:47 24-Jan-2022,00:03:05,665,25.0,Standby,Diagnostic,1,1,0,0,176,NA,MTX-A05,NXP-AUS
206,14104,WARNING14104-Boat Chamber will reach temperature more quickly; if the handler is started.,SC1_Handler:Boat_Xport,0,0,Other,0,0,0,0,0,11:28:56 24-Jan-2022,11:50:37 01-Feb-2022,192:21:41,111,25.0,Unknown,Diagnostic,1,1,0,0,176,NA,MTX-A05,NXP-AUS
207,9001,WARNING9001-*Configuration Validation Rule Violation has occurred.,Machine:UI,0,0,Other,0,0,0,0,0,11:29:04 24-Jan-2022,11:29:15 24-Jan-2022,00:00:11,103,25.0,Unknown,Diagnostic,1,1,0,0,176,NA,MTX-A05,NXP-AUS
208,4400,WARNING4400-Zone Upper_Chamber is taking too long to reach setpoint.,SC1_Handler:TCS,0,0,Other,0,0,0,0,0,11:29:15 24-Jan-2022,11:29:28 24-Jan-2022,00:00:13,92,150.0,Unknown,Diagnostic,1,1,0,0,176,NA,MTX-A05,NXP-AUS
209,4403,WARNING4403-Zone Right_Input_Shuttle is taking too long to reach setpoint.,SC1_Handler:TCS,0,0,Other,0,0,0,0,0,11:29:15 24-Jan-2022,11:29:29 24-Jan-2022,00:00:14,92,150.0,Unknown,Diagnostic,1,1,0,0,176,NA,MTX-A05,NXP-AUS
210,10062,WARNING10062-Output_Ion Ionizers are off,SC1_Handler:MC,0,0,Other,0,0,0,0,0,13:08:42 24-Jan-2022,13:12:41 24-Jan-2022,00:03:59,331055,50.0,Unknown,Diagnostic,1,1,0,0,176,NA,MTX-A05,NXP-AUS
211,10063,WARNING10063-Testsite_Ion Ionizers are off,SC1_Handler:MC,0,0,Other,0,0,0,0,0,13:08:42 24-Jan-2022,13:12:41 24-Jan-2022,00:03:59,331055,50.0,Unknown,Diagnostic,1,1,0,0,176,NA,MTX-A05,NXP-AUS
212,10061,WARNING10061-Input_Ion Ionizers are off,SC1_Handler:MC,0,0,Other,0,0,0,0,0,13:08:42 24-Jan-2022,13:12:41 24-Jan-2022,00:03:59,331055,50.0,Unknown,Diagnostic,1,1,0,0,176,NA,MTX-A05,NXP-AUS
213,10062,WARNING10062-Output_Ion Ionizers are off,SC1_Handler:MC,0,0,Other,0,0,0,0,0,09:06:17 28-Jan-2022,12:19:43 01-Feb-2022,99:13:26,0,50.0,Unknown,Diagnostic,1,1,0,0,176,NA,MTX-A05,NXP-AUS
214,10063,WARNING10063-Testsite_Ion Ionizers are off,SC1_Handler:MC,0,0,Other,0,0,0,0,0,09:06:17 28-Jan-2022,12:19:43 01-Feb-2022,99:13:26,282564,50.0,Unknown,Diagnostic,1,1,0,0,176,NA,MTX-A05,NXP-AUS
215,10061,WARNING10061-Input_Ion Ionizers are off,SC1_Handler:MC,0,0,Other,0,0,0,0,0,09:06:17 28-Jan-2022,12:19:43 01-Feb-2022,99:13:26,282564,50.0,Unknown,Diagnostic,1,1,0,0,176,NA,MTX-A05,NXP-AUS
216,9001,WARNING9001-*Configuration Validation Rule Violation has occurred.,Machine:UI,0,0,Other,0,0,0,0,0,11:50:40 01-Feb-2022,11:52:42 01-Feb-2022,00:02:02,0,25.0,Unknown,Diagnostic,1,1,0,0,176,NA,MTX-A05,NXP-AUS
217,14104,WARNING14104-Boat Chamber will reach temperature more quickly; if the handler is started.,SC1_Handler:Boat_Xport,0,0,Other,0,0,0,0,0,11:52:38 01-Feb-2022,12:14:48 01-Feb-2022,00:22:10,4661,50.0,Unknown,Diagnostic,1,1,0,0,176,NA,MTX-A05,NXP-AUS
218,9001,WARNING9001-*Configuration Validation Rule Violation has occurred.,Machine:UI,0,0,Other,0,0,0,0,0,12:14:55 01-Feb-2022,12:31:42 02-Feb-2022,24:16:47,3324,25.0,Unknown,Diagnostic,1,1,0,0,176,NA,MTX-A05,NXP-AUS
219,10062,WARNING10062-Output_Ion Ionizers are off,SC1_Handler:MC,0,0,Other,0,0,0,0,0,13:10:19 01-Feb-2022,13:22:11 02-Feb-2022,24:11:52,0,25.0,Unknown,Diagnostic,1,1,0,0,176,NA,MTX-A05,NXP-AUS
220,10063,WARNING10063-Testsite_Ion Ionizers are off,SC1_Handler:MC,0,0,Other,0,0,0,0,0,13:10:19 01-Feb-2022,13:22:12 02-Feb-2022,24:11:53,83835,25.0,Unknown,Diagnostic,1,1,0,0,176,NA,MTX-A05,NXP-AUS
221,10061,WARNING10061-Input_Ion Ionizers are off,SC1_Handler:MC,0,0,Other,0,0,0,0,0,13:10:19 01-Feb-2022,13:22:12 02-Feb-2022,24:11:53,83835,25.0,Unknown,Diagnostic,1,1,0,0,176,NA,MTX-A05,NXP-AUS
222,14104,WARNING14104-Boat Chamber will reach temperature more quickly; if the handler is started.,SC1_Handler:Boat_Xport,0,0,Other,0,0,0,0,0,12:27:34 02-Feb-2022,12:33:16 02-Feb-2022,00:05:42,3761,50.0,Unknown,Diagnostic,1,1,0,0,176,NA,MTX-A05,NXP-AUS
223,9001,WARNING9001-*Configuration Validation Rule Violation has occurred.,Machine:UI,0,0,Other,0,0,0,0,0,12:33:19 02-Feb-2022,13:22:12 02-Feb-2022,00:48:53,3416,25.0,Unknown,Diagnostic,1,1,0,0,176,NA,MTX-A05,NXP-AUS
224,14104,WARNING14104-Boat Chamber will reach temperature more quickly; if the handler is started.,SC1_Handler:Boat_Xport,0,0,Other,0,0,0,0,0,13:21:44 02-Feb-2022,13:24:09 02-Feb-2022,00:02:25,511,25.0,Unknown,Diagnostic,1,1,0,0,176,NA,MTX-A05,NXP-AUS
225,4387,WARNING4387-Purge pressure too low.  Handler LN2 valve now shutoff.,SC1_Handler:TCS,0,0,Other,0,0,0,0,0,13:30:15 02-Feb-2022,13:30:52 02-Feb-2022,00:00:37,34,25.0,Unknown,Running,1,1,0,0,176,NA,MTX-A05,NXP-AUS
226,10062,WARNING10062-Output_Ion Ionizers are off,SC1_Handler:MC,0,0,Other,0,0,0,0,0,13:32:26 02-Feb-2022,13:34:21 02-Feb-2022,00:01:55,3297,25.0,Unknown,Running,1,1,0,0,176,NA,MTX-A05,NXP-AUS
227,10063,WARNING10063-Testsite_Ion Ionizers are off,SC1_Handler:MC,0,0,Other,0,0,0,0,0,13:32:26 02-Feb-2022,13:34:22 02-Feb-2022,00:01:56,3297,25.0,Unknown,Running,1,1,0,0,176,NA,MTX-A05,NXP-AUS
228,10061,WARNING10061-Input_Ion Ionizers are off,SC1_Handler:MC,0,0,Other,0,0,0,0,0,13:32:26 02-Feb-2022,13:34:22 02-Feb-2022,00:01:56,3297,25.0,Unknown,Running,1,1,0,0,176,NA,MTX-A05,NXP-AUS
229,14104,WARNING14104-Boat Chamber will reach temperature more quickly; if the handler is started.,SC1_Handler:Boat_Xport,0,0,Other,0,0,0,0,0,13:34:41 02-Feb-2022,13:35:26 02-Feb-2022,00:00:45,3162,75.0,Unknown,Diag_Recovery,1,1,0,0,176,NA,MTX-A05,NXP-AUS
230,4387,WARNING4387-Purge pressure too low.  Handler LN2 valve now shutoff.,SC1_Handler:TCS,0,0,Other,0,0,0,0,0,13:34:50 02-Feb-2022,13:35:05 02-Feb-2022,00:00:15,3153,75.0,Unknown,Diag_Recovery,1,1,0,0,176,NA,MTX-A05,NXP-AUS
231,14104,WARNING14104-Boat Chamber will reach temperature more quickly; if the handler is started.,SC1_Handler:Boat_Xport,0,0,Other,0,0,0,0,0,13:39:59 02-Feb-2022,13:40:10 02-Feb-2022,00:00:11,2844,125.0,Unknown,Initializing,1,1,0,0,176,NA,MTX-A05,NXP-AUS
232,14104,WARNING14104-Boat Chamber will reach temperature more quickly; if the handler is started.,SC1_Handler:Boat_Xport,0,0,Other,0,0,0,0,0,13:42:33 02-Feb-2022,13:42:43 02-Feb-2022,00:00:10,2690,-40.0,Unknown,Initializing,1,1,0,0,176,NA,MTX-A05,NXP-AUS
233,4300,WARNING4300-Upper_Chamber  has invalid configuration data.,SC1_Handler:TCS,0,0,Other,0,0,0,0,0,14:18:36 02-Feb-2022,14:18:42 02-Feb-2022,00:00:06,527,-40.0,Unknown,Initializing,1,1,0,0,176,NA,MTX-A05,NXP-AUS
234,14104,WARNING14104-Boat Chamber will reach temperature more quickly; if the handler is started.,SC1_Handler:Boat_Xport,0,0,Other,0,0,0,0,0,14:27:14 02-Feb-2022,14:56:51 02-Feb-2022,00:29:37,9,50.0,Unknown,Running,1,1,0,0,176,NA,MTX-A05,NXP-AUS
235,9001,WARNING9001-*Configuration Validation Rule Violation has occurred.,Machine:UI,0,0,Other,0,0,0,0,0,14:56:58 02-Feb-2022,01:02:13 03-Feb-2022,10:05:15,34793,25.0,Unknown,Initializing,1,1,0,0,176,NA,MTX-A05,NXP-AUS
236,10062,WARNING10062-Output_Ion Ionizers are off,SC1_Handler:MC,0,0,Other,0,0,0,0,0,00:36:51 03-Feb-2022,00:57:41 03-Feb-2022,00:20:50,4077,25.0,Unknown,Initializing,1,1,0,0,176,NA,MTX-A05,NXP-AUS
237,10063,WARNING10063-Testsite_Ion Ionizers are off,SC1_Handler:MC,0,0,Other,0,0,0,0,0,00:36:51 03-Feb-2022,00:57:41 03-Feb-2022,00:20:50,4077,25.0,Unknown,Initializing,1,1,0,0,176,NA,MTX-A05,NXP-AUS
238,10061,WARNING10061-Input_Ion Ionizers are off,SC1_Handler:MC,0,0,Other,0,0,0,0,0,00:36:51 03-Feb-2022,00:57:42 03-Feb-2022,00:20:51,4077,25.0,Unknown,Initializing,1,1,0,0,176,NA,MTX-A05,NXP-AUS
239,14104,WARNING14104-Boat Chamber will reach temperature more quickly; if the handler is started.,SC1_Handler:Boat_Xport,0,0,Other,0,0,0,0,0,01:01:54 03-Feb-2022,01:03:39 03-Feb-2022,00:01:45,2574,50.0,Unknown,Diagnostic,1,1,0,0,176,NA,MTX-A05,NXP-AUS
240,4403,WARNING4403-Zone Right_Input_Shuttle is taking too long to reach setpoint.,SC1_Handler:TCS,0,0,Other,0,0,0,0,0,01:02:12 03-Feb-2022,01:02:37 03-Feb-2022,00:00:25,2556,50.0,Unknown,Diagnostic,1,1,0,0,176,NA,MTX-A05,NXP-AUS
241,4336,WARNING4336-Contactor  has invalid configuration data.,SC1_Handler:TCS,0,0,Other,0,0,0,0,0,01:10:14 03-Feb-2022,01:10:16 03-Feb-2022,00:00:02,2074,35.0,Unknown,Initializing,1,1,0,0,176,NA,MTX-A05,NXP-AUS
242,9001,WARNING9001-*Configuration Validation Rule Violation has occurred.,Machine:UI,0,0,Other,0,0,0,0,0,01:10:16 03-Feb-2022,01:10:23 03-Feb-2022,00:00:07,2072,35.0,Unknown,Initializing,1,1,0,0,176,NA,MTX-A05,NXP-AUS
243,10062,WARNING10062-Output_Ion Ionizers are off,SC1_Handler:MC,0,0,Other,0,0,0,0,0,01:16:24 03-Feb-2022,01:16:35 03-Feb-2022,00:00:11,1704,35.0,Unknown,Diagnostic,1,1,0,0,176,NA,MTX-A05,NXP-AUS
244,10063,WARNING10063-Testsite_Ion Ionizers are off,SC1_Handler:MC,0,0,Other,0,0,0,0,0,01:16:24 03-Feb-2022,01:16:35 03-Feb-2022,00:00:11,1704,35.0,Unknown,Diagnostic,1,1,0,0,176,NA,MTX-A05,NXP-AUS
245,10061,WARNING10061-Input_Ion Ionizers are off,SC1_Handler:MC,0,0,Other,0,0,0,0,0,01:16:24 03-Feb-2022,01:16:35 03-Feb-2022,00:00:11,1704,35.0,Unknown,Diagnostic,1,1,0,0,176,NA,MTX-A05,NXP-AUS
246,10062,WARNING10062-Output_Ion Ionizers are off,SC1_Handler:MC,0,0,Other,0,0,0,0,0,01:44:47 03-Feb-2022,01:44:52 03-Feb-2022,00:00:05,1,35.0,Unknown,Diag_Recovery,1,1,0,0,176,NA,MTX-A05,NXP-AUS
247,10063,WARNING10063-Testsite_Ion Ionizers are off,SC1_Handler:MC,0,0,Other,0,0,0,0,0,01:44:48 03-Feb-2022,01:44:52 03-Feb-2022,00:00:04,1233,35.0,Unknown,Diag_Recovery,1,1,0,0,176,NA,MTX-A05,NXP-AUS
248,10061,WARNING10061-Input_Ion Ionizers are off,SC1_Handler:MC,0,0,Other,0,0,0,0,0,01:44:48 03-Feb-2022,01:44:52 03-Feb-2022,00:00:04,1233,35.0,Unknown,Diag_Recovery,1,1,0,0,176,NA,MTX-A05,NXP-AUS
249,10062,WARNING10062-Output_Ion Ionizers are off,SC1_Handler:MC,0,0,Other,0,0,0,0,0,02:05:21 03-Feb-2022,02:17:52 03-Feb-2022,00:12:31,624,35.0,Unknown,Diag_Recovery,1,1,0,0,176,NA,MTX-A05,NXP-AUS
250,10063,WARNING10063-Testsite_Ion Ionizers are off,SC1_Handler:MC,0,0,Other,0,0,0,0,0,02:05:21 03-Feb-2022,02:17:52 03-Feb-2022,00:12:31,624,35.0,Unknown,Diag_Recovery,1,1,0,0,176,NA,MTX-A05,NXP-AUS
251,10061,WARNING10061-Input_Ion Ionizers are off,SC1_Handler:MC,0,0,Other,0,0,0,0,0,02:05:22 03-Feb-2022,02:17:52 03-Feb-2022,00:12:30,623,35.0,Unknown,Diag_Recovery,1,1,0,0,176,NA,MTX-A05,NXP-AUS
252,10041,WARNING10041-There is a problem with Soft Start ByPass Contactor.Please verify.,SC1_Handler,0,0,Other,0,0,0,0,0,02:15:45 03-Feb-2022,02:18:02 03-Feb-2022,00:02:17,59,35.0,Unknown,Diag_Recovery,1,1,0,0,176,NA,MTX-A05,NXP-AUS
253,4336,WARNING4336-Contactor  has invalid configuration data.,SC1_Handler:TCS,0,0,Reboot,0,1,0,0,0,02:28:09 03-Feb-2022,02:32:17 03-Feb-2022,00:04:08,417,35.0,Unknown,Running,1,1,0,0,176,NA,MTX-A05,NXP-AUS
254,9001,WARNING9001-*Configuration Validation Rule Violation has occurred.,Machine:UI,0,0,Reboot,0,1,0,0,0,02:28:11 03-Feb-2022,02:32:17 03-Feb-2022,00:04:06,415,35.0,Unknown,Running,1,1,0,0,176,NA,MTX-A05,NXP-AUS
255,10062,WARNING10062-Output_Ion Ionizers are off,SC1_Handler:MC,0,0,Reboot,0,1,0,0,0,02:28:11 03-Feb-2022,02:32:17 03-Feb-2022,00:04:06,415,35.0,Unknown,Running,1,1,0,0,176,NA,MTX-A05,NXP-AUS
256,10063,WARNING10063-Testsite_Ion Ionizers are off,SC1_Handler:MC,0,0,Other,0,0,0,0,0,02:28:12 03-Feb-2022,02:28:12 03-Feb-2022,00:00:00,414,35.0,Unknown,Running,1,1,0,0,176,NA,MTX-A05,NXP-AUS
257,10061,WARNING10061-Input_Ion Ionizers are off,SC1_Handler:MC,0,0,Other,0,0,0,0,0,02:28:12 03-Feb-2022,02:28:12 03-Feb-2022,00:00:00,414,35.0,Unknown,Running,1,1,0,0,176,NA,MTX-A05,NXP-AUS
258,10001,WARNING10001-Left TPS Access Door was detected to be open without first requesting it to be unlocked.  Must re-init to recover.  Please check all door locks and make sure they do not report open when they are pulled on while locked.,SC1_Handler,0,0,Reboot,0,1,0,0,0,02:28:13 03-Feb-2022,02:32:17 03-Feb-2022,00:04:04,413,35.0,Unknown,Running,1,1,0,0,176,NA,MTX-A05,NXP-AUS
259,4392,WARNING4392-Chamber Gear Box is sensing low air Flow.  Shutting down Heaters.,SC1_Handler:TCS,0,0,Reboot,0,1,0,0,0,02:28:16 03-Feb-2022,02:32:17 03-Feb-2022,00:04:01,410,35.0,Unknown,Running,1,1,0,0,176,NA,MTX-A05,NXP-AUS
260,4496,WARNING4496-TCore communications problem.,SC1_Handler:KryoProxy,0,0,Reboot,0,1,0,0,0,02:28:18 03-Feb-2022,02:32:17 03-Feb-2022,00:03:59,408,35.0,Unknown,Running,1,1,0,0,176,NA,MTX-A05,NXP-AUS
261,4340,WARNING4340-Chamber_Cover  has invalid configuration data.,SC1_Handler:TCS,0,0,Reboot,0,1,0,0,0,02:28:19 03-Feb-2022,02:32:17 03-Feb-2022,00:03:58,407,35.0,Unknown,Running,1,1,0,0,176,NA,MTX-A05,NXP-AUS
262,4386,WARNING4386-Under/Over Temperature Detected in the Chamber.  LN2 now shutoff. You may have to cycle power to recover.,SC1_Handler:TCS,0,0,Reboot,0,1,0,0,0,02:28:34 03-Feb-2022,02:32:17 03-Feb-2022,00:03:43,392,35.0,Unknown,Running,1,1,0,0,176,NA,MTX-A05,NXP-AUS
263,4302,WARNING4302-Left_Input_Shuttle  has invalid configuration data.,SC1_Handler:TCS,0,0,Reboot,0,1,0,0,0,02:28:53 03-Feb-2022,02:32:17 03-Feb-2022,00:03:24,373,35.0,Unknown,Running,1,1,0,0,176,NA,MTX-A05,NXP-AUS
264,4303,WARNING4303-Right_Input_Shuttle  has invalid configuration data.,SC1_Handler:TCS,0,0,Reboot,0,1,0,0,0,02:29:18 03-Feb-2022,02:32:17 03-Feb-2022,00:02:59,348,35.0,Unknown,Running,1,1,0,0,176,NA,MTX-A05,NXP-AUS
265,9001,WARNING9001-*Configuration Validation Rule Violation has occurred.,Machine:UI,0,Assist,Other,0,0,0,0,1,02:32:46 03-Feb-2022,02:36:20 03-Feb-2022,00:03:34,140,25.0,Productive,Uninit,1,1,0,0,176,5,MTX-A05,NXP-AUS
266,10062,WARNING10062-Output_Ion Ionizers are off,SC1_Handler:MC,0,0,Other,0,0,0,0,0,02:33:56 03-Feb-2022,02:35:27 03-Feb-2022,00:01:31,70,25.0,Productive,Uninit,1,1,0,0,176,NA,MTX-A05,NXP-AUS
267,10063,WARNING10063-Testsite_Ion Ionizers are off,SC1_Handler:MC,0,0,Other,0,0,0,0,0,02:33:59 03-Feb-2022,02:35:27 03-Feb-2022,00:01:28,67,25.0,Productive,Uninit,1,1,0,0,176,NA,MTX-A05,NXP-AUS
268,10061,WARNING10061-Input_Ion Ionizers are off,SC1_Handler:MC,0,0,Other,0,0,0,0,0,02:33:59 03-Feb-2022,02:35:27 03-Feb-2022,00:01:28,67,25.0,Productive,Uninit,1,1,0,0,176,NA,MTX-A05,NXP-AUS
269,14104,WARNING14104-Boat Chamber will reach temperature more quickly; if the handler is started.,SC1_Handler:Boat_Xport,0,0,Other,0,0,0,0,0,02:35:58 03-Feb-2022,02:36:22 03-Feb-2022,00:00:24,21,35.0,Productive,Initializing,1,1,0,0,176,NA,MTX-A05,NXP-AUS
270,14104,WARNING14104-Boat Chamber will reach temperature more quickly; if the handler is started.,SC1_Handler:Boat_Xport,0,0,Other,0,0,0,0,0,03:02:02 03-Feb-2022,06:33:18 03-Feb-2022,03:31:16,12693,35.0,Productive,Running,1,1,0,0,296,NA,MTX-A05,NXP-AUS
271,4408,WARNING4408-Zone Right_TS_1A is taking too long to reach setpoint.,SC1_Handler:TCS,0,0,Other,0,0,0,0,0,06:33:35 03-Feb-2022,06:33:57 03-Feb-2022,00:00:22,15,50.0,Productive,Initializing,1,1,0,0,296,NA,MTX-A05,NXP-AUS
272,4414,WARNING4414-Zone Left_TS_3B is taking too long to reach setpoint.,SC1_Handler:TCS,0,0,Other,0,0,0,0,0,06:33:35 03-Feb-2022,06:33:57 03-Feb-2022,00:00:22,15,50.0,Productive,Initializing,1,1,0,0,296,NA,MTX-A05,NXP-AUS
273,4409,WARNING4409-Zone Right_TS_2A is taking too long to reach setpoint.,SC1_Handler:TCS,0,0,Other,0,0,0,0,0,06:33:35 03-Feb-2022,06:33:58 03-Feb-2022,00:00:23,15,50.0,Productive,Initializing,1,1,0,0,296,NA,MTX-A05,NXP-AUS
274,4415,WARNING4415-Zone Left_TS_4B is taking too long to reach setpoint.,SC1_Handler:TCS,0,0,Other,0,0,0,0,0,06:33:35 03-Feb-2022,06:33:57 03-Feb-2022,00:00:22,15,50.0,Productive,Initializing,1,1,0,0,296,NA,MTX-A05,NXP-AUS
275,4406,WARNING4406-Zone Left_TS_3A is taking too long to reach setpoint.,SC1_Handler:TCS,0,0,Other,0,0,0,0,0,06:33:35 03-Feb-2022,06:33:57 03-Feb-2022,00:00:22,15,50.0,Productive,Initializing,1,1,0,0,296,NA,MTX-A05,NXP-AUS
276,4416,WARNING4416-Zone Right_TS_1B is taking too long to reach setpoint.,SC1_Handler:TCS,0,0,Other,0,0,0,0,0,06:33:35 03-Feb-2022,06:33:57 03-Feb-2022,00:00:22,15,50.0,Productive,Initializing,1,1,0,0,296,NA,MTX-A05,NXP-AUS
277,4407,WARNING4407-Zone Left_TS_4A is taking too long to reach setpoint.,SC1_Handler:TCS,0,0,Other,0,0,0,0,0,06:33:35 03-Feb-2022,06:33:57 03-Feb-2022,00:00:22,15,50.0,Productive,Initializing,1,1,0,0,296,NA,MTX-A05,NXP-AUS
278,4417,WARNING4417-Zone Right_TS_2B is taking too long to reach setpoint.,SC1_Handler:TCS,0,0,Other,0,0,0,0,0,06:33:35 03-Feb-2022,06:33:57 03-Feb-2022,00:00:22,15,50.0,Productive,Initializing,1,1,0,0,296,NA,MTX-A05,NXP-AUS
279,4436,WARNING4436-Zone Contactor is taking too long to reach setpoint.,SC1_Handler:TCS,0,0,Other,0,0,0,0,0,06:34:33 03-Feb-2022,06:34:34 03-Feb-2022,00:00:01,3,25.0,Productive,Initializing,1,1,0,0,296,NA,MTX-A05,NXP-AUS
280,9001,WARNING9001-*Configuration Validation Rule Violation has occurred.,Machine:UI,0,0,Other,0,0,0,0,0,06:34:36 03-Feb-2022,14:47:10 05-Feb-2022,56:12:34,7,25.0,Productive,Initializing,1,1,0,0,296,NA,MTX-A05,NXP-AUS
281,14104,WARNING14104-Boat Chamber will reach temperature more quickly; if the handler is started.,SC1_Handler:Boat_Xport,0,0,Reboot,0,1,0,0,0,14:45:46 05-Feb-2022,06:51:32 06-Feb-2022,16:05:46,58118,25.0,Productive,Initializing,1,1,0,0,296,NA,MTX-A05,NXP-AUS
282,4388,WARNING4388-LN2 Pressure is out of range. Check supply.  Handler LN2 valve now shutoff.,SC1_Handler:TCS,0,0,Reboot,0,1,0,0,0,14:45:57 05-Feb-2022,06:51:32 06-Feb-2022,16:05:35,58107,25.0,Productive,Initializing,1,1,0,0,296,NA,MTX-A05,NXP-AUS
283,4436,WARNING4436-Zone Contactor is taking too long to reach setpoint.,SC1_Handler:TCS,0,0,Reboot,0,1,0,0,0,14:55:49 05-Feb-2022,06:51:32 06-Feb-2022,15:55:43,57515,25.0,Productive,Initializing,1,1,0,0,296,NA,MTX-A05,NXP-AUS
284,10001,WARNING10001-Left TPS Access Door was detected to be open without first requesting it to be unlocked.  Must re-init to recover.  Please check all door locks and make sure they do not report open when they are pulled on while locked.,SC1_Handler,0,0,Reboot,0,1,0,0,0,15:04:13 05-Feb-2022,06:51:32 06-Feb-2022,15:47:19,57011,25.0,Productive,Initializing,1,1,0,0,296,NA,MTX-A05,NXP-AUS
285,4496,WARNING4496-TCore communications problem.,SC1_Handler:KryoProxy,0,0,Reboot,0,1,0,0,0,15:04:15 05-Feb-2022,06:51:32 06-Feb-2022,15:47:17,57009,25.0,Productive,Initializing,1,1,0,0,296,NA,MTX-A05,NXP-AUS
286,10062,WARNING10062-Output_Ion Ionizers are off,SC1_Handler:MC,0,0,Reboot,0,1,0,0,0,15:04:17 05-Feb-2022,06:51:32 06-Feb-2022,15:47:15,57007,25.0,Productive,Initializing,1,1,0,0,296,NA,MTX-A05,NXP-AUS
287,10063,WARNING10063-Testsite_Ion Ionizers are off,SC1_Handler:MC,0,0,Reboot,0,1,0,0,0,15:04:17 05-Feb-2022,06:51:32 06-Feb-2022,15:47:15,57007,25.0,Productive,Initializing,1,1,0,0,296,NA,MTX-A05,NXP-AUS
288,10061,WARNING10061-Input_Ion Ionizers are off,SC1_Handler:MC,0,0,Reboot,0,1,0,0,0,15:04:17 05-Feb-2022,06:51:32 06-Feb-2022,15:47:15,57007,25.0,Productive,Initializing,1,1,0,0,296,NA,MTX-A05,NXP-AUS
289,4392,WARNING4392-Chamber Gear Box is sensing low air Flow.  Shutting down Heaters.,SC1_Handler:TCS,0,0,Reboot,0,1,0,0,0,15:04:20 05-Feb-2022,06:51:32 06-Feb-2022,15:47:12,57004,25.0,Productive,Initializing,1,1,0,0,296,NA,MTX-A05,NXP-AUS
290,9001,WARNING9001-*Configuration Validation Rule Violation has occurred.,Machine:UI,0,0,Reboot,0,1,0,0,0,15:04:22 05-Feb-2022,06:51:32 06-Feb-2022,15:47:10,57002,25.0,Productive,Initializing,1,1,0,0,296,NA,MTX-A05,NXP-AUS
291,4389,WARNING4389-Internal regulated LN2 pressure was reported by the PPC as out of range.  Please verify regulated LN2 pressure displayed on the PPC is within expected operating range.  If PPC pressure display is out of range; or no display is present; check facility LN2 inlet pressure or troubleshoot handler cold gas control subsystem fault as required.,SC1_Handler:TCS,0,0,Reboot,0,1,0,0,0,15:06:22 05-Feb-2022,06:51:32 06-Feb-2022,15:45:10,56882,25.0,Productive,Initializing,1,1,0,0,296,NA,MTX-A05,NXP-AUS
292,9001,WARNING9001-*Configuration Validation Rule Violation has occurred.,Machine:UI,0,0,Other,0,0,0,0,0,06:52:02 06-Feb-2022,06:56:40 06-Feb-2022,00:04:38,142,25.0,Productive,Uninit,1,1,0,0,296,NA,MTX-A05,NXP-AUS
293,10062,WARNING10062-Output_Ion Ionizers are off,SC1_Handler:MC,0,0,Other,0,0,0,0,0,06:53:17 06-Feb-2022,06:56:25 06-Feb-2022,00:03:08,67,25.0,Productive,Uninit,1,1,0,0,296,NA,MTX-A05,NXP-AUS
294,10063,WARNING10063-Testsite_Ion Ionizers are off,SC1_Handler:MC,0,0,Other,0,0,0,0,0,06:53:18 06-Feb-2022,06:56:25 06-Feb-2022,00:03:07,66,25.0,Productive,Uninit,1,1,0,0,296,NA,MTX-A05,NXP-AUS
295,10061,WARNING10061-Input_Ion Ionizers are off,SC1_Handler:MC,0,0,Other,0,0,0,0,0,06:53:18 06-Feb-2022,06:56:25 06-Feb-2022,00:03:07,66,25.0,Productive,Uninit,1,1,0,0,296,NA,MTX-A05,NXP-AUS
296,10062,WARNING10062-Output_Ion Ionizers are off,SC1_Handler:MC,0,0,Reboot,0,1,0,0,0,06:59:26 06-Feb-2022,11:38:32 07-Feb-2022,28:39:06,103318,25.0,Productive,Initializing,1,1,0,0,296,NA,MTX-A05,NXP-AUS
297,10063,WARNING10063-Testsite_Ion Ionizers are off,SC1_Handler:MC,0,0,Other,0,0,0,0,0,06:59:26 06-Feb-2022,06:59:26 06-Feb-2022,00:00:00,103318,25.0,Productive,Initializing,1,1,0,0,296,NA,MTX-A05,NXP-AUS
298,10061,WARNING10061-Input_Ion Ionizers are off,SC1_Handler:MC,0,0,Other,0,0,0,0,0,06:59:26 06-Feb-2022,06:59:26 06-Feb-2022,00:00:00,103318,25.0,Productive,Initializing,1,1,0,0,296,NA,MTX-A05,NXP-AUS
299,10001,WARNING10001-Left TPS Access Door was detected to be open without first requesting it to be unlocked.  Must re-init to recover.  Please check all door locks and make sure they do not report open when they are pulled on while locked.,SC1_Handler,0,0,Reboot,0,1,0,0,0,06:59:26 06-Feb-2022,11:38:32 07-Feb-2022,28:39:06,103318,25.0,Productive,Initializing,1,1,0,0,296,NA,MTX-A05,NXP-AUS
300,4496,WARNING4496-TCore communications problem.,SC1_Handler:KryoProxy,0,0,Reboot,0,1,0,0,0,06:59:29 06-Feb-2022,11:38:32 07-Feb-2022,28:39:03,103315,25.0,Productive,Initializing,1,1,0,0,296,NA,MTX-A05,NXP-AUS
301,9001,WARNING9001-*Configuration Validation Rule Violation has occurred.,Machine:UI,0,0,Other,0,0,0,0,0,11:39:02 07-Feb-2022,11:50:11 07-Feb-2022,00:11:09,142,25.0,Productive,Uninit,1,1,0,0,296,NA,MTX-A05,NXP-AUS
302,10062,WARNING10062-Output_Ion Ionizers are off,SC1_Handler:MC,0,0,Other,0,0,0,0,0,11:40:17 07-Feb-2022,11:49:55 07-Feb-2022,00:09:38,67,25.0,Productive,Uninit,1,1,0,0,296,NA,MTX-A05,NXP-AUS
303,10063,WARNING10063-Testsite_Ion Ionizers are off,SC1_Handler:MC,0,0,Other,0,0,0,0,0,11:40:17 07-Feb-2022,11:49:55 07-Feb-2022,00:09:38,67,25.0,Productive,Uninit,1,1,0,0,296,NA,MTX-A05,NXP-AUS
304,10061,WARNING10061-Input_Ion Ionizers are off,SC1_Handler:MC,0,0,Other,0,0,0,0,0,11:40:17 07-Feb-2022,11:49:55 07-Feb-2022,00:09:38,67,25.0,Productive,Uninit,1,1,0,0,296,NA,MTX-A05,NXP-AUS
305,10062,WARNING10062-Output_Ion Ionizers are off,SC1_Handler:MC,0,0,Other,0,0,0,0,0,15:53:56 07-Feb-2022,15:55:24 07-Feb-2022,00:01:28,90131,25.0,Productive,Diagnostic,1,1,0,0,296,NA,MTX-A05,NXP-AUS
306,10063,WARNING10063-Testsite_Ion Ionizers are off,SC1_Handler:MC,0,0,Other,0,0,0,0,0,15:53:56 07-Feb-2022,15:55:24 07-Feb-2022,00:01:28,90131,25.0,Productive,Diagnostic,1,1,0,0,296,NA,MTX-A05,NXP-AUS
307,10061,WARNING10061-Input_Ion Ionizers are off,SC1_Handler:MC,0,0,Other,0,0,0,0,0,15:53:57 07-Feb-2022,15:55:24 07-Feb-2022,00:01:27,90130,25.0,Productive,Diagnostic,1,1,0,0,296,NA,MTX-A05,NXP-AUS
308,9001,WARNING9001-*Configuration Validation Rule Violation has occurred.,Machine:UI,0,0,Other,0,0,0,0,0,16:12:03 07-Feb-2022,16:13:48 07-Feb-2022,00:01:45,89044,25.0,Productive,Diagnostic,1,1,0,0,296,NA,MTX-A05,NXP-AUS
309,9001,WARNING9001-*Configuration Validation Rule Violation has occurred.,Machine:UI,0,0,Other,0,0,0,0,0,16:14:50 07-Feb-2022,16:14:58 07-Feb-2022,00:00:08,88877,25.0,Productive,Initializing,1,1,0,0,296,NA,MTX-A05,NXP-AUS
310,10062,WARNING10062-Output_Ion Ionizers are off,SC1_Handler:MC,0,0,Other,0,0,0,0,0,14:47:16 08-Feb-2022,14:48:22 08-Feb-2022,00:01:06,7731,25.0,Productive,Diagnostic,1,1,0,0,296,NA,MTX-A05,NXP-AUS
311,10063,WARNING10063-Testsite_Ion Ionizers are off,SC1_Handler:MC,0,0,Other,0,0,0,0,0,14:47:16 08-Feb-2022,14:48:22 08-Feb-2022,00:01:06,7731,25.0,Productive,Diagnostic,1,1,0,0,296,NA,MTX-A05,NXP-AUS
312,10061,WARNING10061-Input_Ion Ionizers are off,SC1_Handler:MC,0,0,Other,0,0,0,0,0,14:47:16 08-Feb-2022,14:48:22 08-Feb-2022,00:01:06,7731,25.0,Productive,Diagnostic,1,1,0,0,296,NA,MTX-A05,NXP-AUS
313,10062,WARNING10062-Output_Ion Ionizers are off,SC1_Handler:MC,0,0,Other,0,0,0,0,0,14:55:03 08-Feb-2022,14:55:15 08-Feb-2022,00:00:12,7264,25.0,Productive,Diagnostic,1,1,0,0,296,NA,MTX-A05,NXP-AUS
314,10063,WARNING10063-Testsite_Ion Ionizers are off,SC1_Handler:MC,0,0,Other,0,0,0,0,0,14:55:03 08-Feb-2022,14:55:15 08-Feb-2022,00:00:12,7264,25.0,Productive,Diagnostic,1,1,0,0,296,NA,MTX-A05,NXP-AUS
315,10061,WARNING10061-Input_Ion Ionizers are off,SC1_Handler:MC,0,0,Other,0,0,0,0,0,14:55:03 08-Feb-2022,14:55:15 08-Feb-2022,00:00:12,7264,25.0,Productive,Diagnostic,1,1,0,0,296,NA,MTX-A05,NXP-AUS
316,13557,WARNING13557-Sitemap configuration has changed! Please query 'Status?' to reconfirm!,SC1_Handler:Ts_Tif,0,0,Other,0,0,0,0,0,15:02:26 08-Feb-2022,15:03:38 08-Feb-2022,00:01:12,6821,25.0,Productive,Diagnostic,1,1,0,0,296,NA,MTX-A05,NXP-AUS
317,9001,WARNING9001-*Configuration Validation Rule Violation has occurred.,Machine:UI,0,0,Other,0,0,0,0,0,15:25:19 08-Feb-2022,15:25:27 08-Feb-2022,00:00:08,5448,25.0,Productive,Running,1,1,0,0,0,NA,MTX-A05,NXP-AUS
318,12902,WARNING12902-A device is being tested. Do you want to stop? 
 Yes - Stop immediately; test will fail. 
 No - Do not stop.  
 Cancel - Stop after test,SC1_Handler:Ts_Coord,0,0,Reboot,0,1,0,0,0,17:39:53 08-Feb-2022,23:20:30 09-Feb-2022,29:40:37,1684,25.0,Engineering,Running,2,1,0,0,4358,NA,MTX-A05,NXP-AUS
319,13557,WARNING13557-Sitemap configuration has changed! Please query 'Status?' to reconfirm!,SC1_Handler:Ts_Tif,0,0,Other,0,0,0,0,0,17:48:30 08-Feb-2022,17:57:44 08-Feb-2022,00:09:14,1167,25.0,Engineering,Running,2,1,0,0,4364,NA,MTX-A05,NXP-AUS
320,12731,WARNING12731-Transition Sensor Blocked; Contactor move prohibited.,SC1_Handler:Ts_Contactor,0,0,Other,0,0,0,0,0,18:07:57 08-Feb-2022,18:08:36 08-Feb-2022,00:00:39,1348,25.0,Engineering,Initializing,2,1,0,0,2,NA,MTX-A05,NXP-AUS
321,10062,WARNING10062-Output_Ion Ionizers are off,SC1_Handler:MC,0,0,Other,0,0,0,0,0,18:08:10 08-Feb-2022,18:08:21 08-Feb-2022,00:00:11,1335,25.0,Engineering,Initializing,2,1,0,0,2,NA,MTX-A05,NXP-AUS
322,10063,WARNING10063-Testsite_Ion Ionizers are off,SC1_Handler:MC,0,0,Other,0,0,0,0,0,18:08:10 08-Feb-2022,18:08:21 08-Feb-2022,00:00:11,1335,25.0,Engineering,Initializing,2,1,0,0,2,NA,MTX-A05,NXP-AUS
323,10061,WARNING10061-Input_Ion Ionizers are off,SC1_Handler:MC,0,0,Other,0,0,0,0,0,18:08:10 08-Feb-2022,18:08:21 08-Feb-2022,00:00:11,1335,25.0,Engineering,Initializing,2,1,0,0,2,NA,MTX-A05,NXP-AUS
324,10062,WARNING10062-Output_Ion Ionizers are off,SC1_Handler:MC,0,0,Other,0,0,0,0,0,18:13:11 08-Feb-2022,18:13:33 08-Feb-2022,00:00:22,1034,25.0,Unknown,Running,2,1,0,0,16,NA,MTX-A05,NXP-AUS
325,10063,WARNING10063-Testsite_Ion Ionizers are off,SC1_Handler:MC,0,0,Other,0,0,0,0,0,18:13:12 08-Feb-2022,18:13:33 08-Feb-2022,00:00:21,1033,25.0,Unknown,Running,2,1,0,0,16,NA,MTX-A05,NXP-AUS
326,10061,WARNING10061-Input_Ion Ionizers are off,SC1_Handler:MC,0,0,Other,0,0,0,0,0,18:13:12 08-Feb-2022,18:13:33 08-Feb-2022,00:00:21,1033,25.0,Unknown,Running,2,1,0,0,16,NA,MTX-A05,NXP-AUS
327,10062,WARNING10062-Output_Ion Ionizers are off,SC1_Handler:MC,0,0,Other,0,0,0,0,0,18:15:04 08-Feb-2022,18:16:03 08-Feb-2022,00:00:59,921,25.0,Unknown,Running,2,1,0,0,16,NA,MTX-A05,NXP-AUS
328,10063,WARNING10063-Testsite_Ion Ionizers are off,SC1_Handler:MC,0,0,Other,0,0,0,0,0,18:15:04 08-Feb-2022,18:16:03 08-Feb-2022,00:00:59,921,25.0,Unknown,Running,2,1,0,0,16,NA,MTX-A05,NXP-AUS
329,10061,WARNING10061-Input_Ion Ionizers are off,SC1_Handler:MC,0,0,Other,0,0,0,0,0,18:15:04 08-Feb-2022,18:16:03 08-Feb-2022,00:00:59,921,25.0,Unknown,Running,2,1,0,0,16,NA,MTX-A05,NXP-AUS
330,13557,WARNING13557-Sitemap configuration has changed! Please query 'Status?' to reconfirm!,SC1_Handler:Ts_Tif,0,0,Other,0,0,0,0,0,18:29:54 08-Feb-2022,18:30:59 08-Feb-2022,00:01:05,31,25.0,Unknown,Running,2,1,0,0,30,NA,MTX-A05,NXP-AUS
331,10062,WARNING10062-Output_Ion Ionizers are off,SC1_Handler:MC,0,0,Other,0,0,0,0,0,18:30:39 08-Feb-2022,18:30:48 08-Feb-2022,00:00:09,1145,25.0,Unknown,Running,2,1,0,0,0,NA,MTX-A05,NXP-AUS
332,10063,WARNING10063-Testsite_Ion Ionizers are off,SC1_Handler:MC,0,0,Other,0,0,0,0,0,18:30:39 08-Feb-2022,18:30:48 08-Feb-2022,00:00:09,1145,25.0,Unknown,Running,2,1,0,0,0,NA,MTX-A05,NXP-AUS
333,10061,WARNING10061-Input_Ion Ionizers are off,SC1_Handler:MC,0,0,Other,0,0,0,0,0,18:30:39 08-Feb-2022,18:30:48 08-Feb-2022,00:00:09,1145,25.0,Unknown,Running,2,1,0,0,0,NA,MTX-A05,NXP-AUS
334,12902,WARNING12902-A device is being tested. Do you want to stop? 
 Yes - Stop immediately; test will fail. 
 No - Do not stop.  
 Cancel - Stop after test,SC1_Handler:Ts_Coord,0,0,Reboot,0,1,0,0,0,18:49:44 08-Feb-2022,23:20:30 09-Feb-2022,28:30:46,80884,25.0,Engineering,Running,2,1,0,0,342,NA,MTX-A05,NXP-AUS
335,6451,WARNING6451-Partial Input Tray Detected at Input TPS1; Please confirm and Clear; or Retry as required.,SC1_Handler:PnP_Input,0,Assist,Other,0,0,0,0,1,17:17:48 09-Feb-2022,17:18:18 09-Feb-2022,00:00:30,674,25.0,Engineering,Running,3,1,0,0,348,5,MTX-A05,NXP-AUS
336,6451,WARNING6451-Partial Input Tray Detected at Input TPS1; Please confirm and Clear; or Retry as required.,SC1_Handler:PnP_Input,0,Assist,Other,0,0,0,0,1,17:29:02 09-Feb-2022,17:29:14 09-Feb-2022,00:00:12,2787,25.0,Engineering,Running,3,1,0,0,647,5,MTX-A05,NXP-AUS
337,6451,WARNING6451-Partial Input Tray Detected at Input TPS1; Please confirm and Clear; or Retry as required.,SC1_Handler:PnP_Input,0,Assist,Other,0,0,0,0,1,18:15:29 09-Feb-2022,18:15:45 09-Feb-2022,00:00:16,712,25.0,Engineering,Running,3,1,0,0,2435,5,MTX-A05,NXP-AUS
338,6451,WARNING6451-Partial Input Tray Detected at Input TPS1; Please confirm and Clear; or Retry as required.,SC1_Handler:PnP_Input,0,Assist,Other,0,0,0,0,1,18:30:05 09-Feb-2022,18:31:01 09-Feb-2022,00:00:56,842,25.0,Engineering,Running,3,1,0,0,2455,5,MTX-A05,NXP-AUS
339,13704,WARNING13704-Please open door and Unload Stack 3.,SC1_Handler:Tray_Coord,0,0,Other,0,0,0,0,0,18:44:07 09-Feb-2022,18:44:35 09-Feb-2022,00:00:28,7117,25.0,Engineering,Running,3,1,0,0,2730,NA,MTX-A05,NXP-AUS
340,10062,WARNING10062-Output_Ion Ionizers are off,SC1_Handler:MC,0,0,Other,0,0,0,0,0,20:42:44 09-Feb-2022,20:42:52 09-Feb-2022,00:00:08,10,25.0,Unknown,Running,3,1,0,0,4186,NA,MTX-A05,NXP-AUS
341,10063,WARNING10063-Testsite_Ion Ionizers are off,SC1_Handler:MC,0,0,Other,0,0,0,0,0,20:42:44 09-Feb-2022,20:42:52 09-Feb-2022,00:00:08,10,25.0,Unknown,Running,3,1,0,0,4186,NA,MTX-A05,NXP-AUS
342,10061,WARNING10061-Input_Ion Ionizers are off,SC1_Handler:MC,0,0,Other,0,0,0,0,0,20:42:44 09-Feb-2022,20:42:52 09-Feb-2022,00:00:08,10,25.0,Unknown,Running,3,1,0,0,4186,NA,MTX-A05,NXP-AUS
343,12703,WARNING12703-Contactor Z-Axis unable to Home due to Axis Move Unsafe.,SC1_Handler:Ts_Contactor,0,Assist,Other,0,0,0,3,0,20:43:14 09-Feb-2022,20:47:23 09-Feb-2022,00:04:09,176,25.0,Alarm,Diag_Recovery,3,1,0,0,4186,5,MTX-A05,NXP-AUS
344,10062,WARNING10062-Output_Ion Ionizers are off,SC1_Handler:MC,0,0,Other,0,0,0,0,0,20:46:33 09-Feb-2022,20:46:45 09-Feb-2022,00:00:12,12,25.0,Unknown,Diag_Recovery,3,1,0,0,4186,NA,MTX-A05,NXP-AUS
345,10063,WARNING10063-Testsite_Ion Ionizers are off,SC1_Handler:MC,0,0,Other,0,0,0,0,0,20:46:33 09-Feb-2022,20:46:45 09-Feb-2022,00:00:12,12,25.0,Unknown,Diag_Recovery,3,1,0,0,4186,NA,MTX-A05,NXP-AUS
346,10061,WARNING10061-Input_Ion Ionizers are off,SC1_Handler:MC,0,0,Other,0,0,0,0,0,20:46:33 09-Feb-2022,20:46:45 09-Feb-2022,00:00:12,12,25.0,Unknown,Diag_Recovery,3,1,0,0,4186,NA,MTX-A05,NXP-AUS
347,10062,WARNING10062-Output_Ion Ionizers are off,SC1_Handler:MC,0,0,Other,0,0,0,0,0,22:43:03 09-Feb-2022,22:46:20 09-Feb-2022,00:03:17,177,25.0,Unknown,Running,3,1,0,0,6046,NA,MTX-A05,NXP-AUS
348,10063,WARNING10063-Testsite_Ion Ionizers are off,SC1_Handler:MC,0,0,Other,0,0,0,0,0,22:43:03 09-Feb-2022,22:46:20 09-Feb-2022,00:03:17,177,25.0,Unknown,Running,3,1,0,0,6046,NA,MTX-A05,NXP-AUS
349,10061,WARNING10061-Input_Ion Ionizers are off,SC1_Handler:MC,0,0,Other,0,0,0,0,0,22:43:03 09-Feb-2022,22:46:20 09-Feb-2022,00:03:17,177,25.0,Unknown,Running,3,1,0,0,6046,NA,MTX-A05,NXP-AUS
350,12703,WARNING12703-Contactor Z-Axis unable to Home due to Axis Move Unsafe.,SC1_Handler:Ts_Contactor,0,Assist,Other,0,0,0,3,0,22:45:55 09-Feb-2022,22:46:33 09-Feb-2022,00:00:38,5,25.0,Alarm,Diag_Recovery,3,1,0,0,6046,5,MTX-A05,NXP-AUS
351,10062,WARNING10062-Output_Ion Ionizers are off,SC1_Handler:MC,0,0,Other,0,0,0,0,0,22:48:38 09-Feb-2022,22:50:03 09-Feb-2022,00:01:25,820,25.0,Unknown,Running,3,1,0,0,6052,NA,MTX-A05,NXP-AUS
352,10063,WARNING10063-Testsite_Ion Ionizers are off,SC1_Handler:MC,0,0,Other,0,0,0,0,0,22:48:38 09-Feb-2022,22:50:03 09-Feb-2022,00:01:25,820,25.0,Unknown,Running,3,1,0,0,6052,NA,MTX-A05,NXP-AUS
353,10061,WARNING10061-Input_Ion Ionizers are off,SC1_Handler:MC,0,0,Other,0,0,0,0,0,22:48:38 09-Feb-2022,22:50:03 09-Feb-2022,00:01:25,820,25.0,Unknown,Running,3,1,0,0,6052,NA,MTX-A05,NXP-AUS
354,12902,WARNING12902-A device is being tested. Do you want to stop? 
 Yes - Stop immediately; test will fail. 
 No - Do not stop.  
 Cancel - Stop after test,SC1_Handler:Ts_Coord,0,0,Reboot,0,1,0,0,0,23:02:18 09-Feb-2022,23:20:30 09-Feb-2022,00:18:12,236,25.0,Unknown,Running,3,1,0,0,6259,NA,MTX-A05,NXP-AUS
355,14104,WARNING14104-Boat Chamber will reach temperature more quickly; if the handler is started.,SC1_Handler:Boat_Xport,0,0,Other,0,0,0,0,0,23:06:14 09-Feb-2022,23:06:43 09-Feb-2022,00:00:29,9,25.0,Unknown,Running,3,1,0,0,6265,NA,MTX-A05,NXP-AUS
356,9001,WARNING9001-*Configuration Validation Rule Violation has occurred.,Machine:UI,0,0,Other,0,0,0,0,0,23:06:23 09-Feb-2022,23:06:39 09-Feb-2022,00:00:16,26,25.0,Unknown,Running,3,1,0,0,6265,NA,MTX-A05,NXP-AUS
357,4401,WARNING4401-Zone Lower_Chamber is taking too long to reach setpoint.,SC1_Handler:TCS,0,0,Other,0,0,0,0,0,23:06:37 09-Feb-2022,23:06:39 09-Feb-2022,00:00:02,12,25.0,Unknown,Running,3,1,0,0,6265,NA,MTX-A05,NXP-AUS
358,4402,WARNING4402-Zone Left_Input_Shuttle is taking too long to reach setpoint.,SC1_Handler:TCS,0,0,Other,0,0,0,0,0,23:06:37 09-Feb-2022,23:06:43 09-Feb-2022,00:00:06,12,25.0,Unknown,Running,3,1,0,0,6265,NA,MTX-A05,NXP-AUS
359,4403,WARNING4403-Zone Right_Input_Shuttle is taking too long to reach setpoint.,SC1_Handler:TCS,0,0,Other,0,0,0,0,0,23:06:37 09-Feb-2022,23:06:39 09-Feb-2022,00:00:02,12,25.0,Unknown,Running,3,1,0,0,6265,NA,MTX-A05,NXP-AUS
360,4404,WARNING4404-Zone Left_TS_1A is taking too long to reach setpoint.,SC1_Handler:TCS,0,0,Other,0,0,0,0,0,23:06:37 09-Feb-2022,23:06:54 09-Feb-2022,00:00:17,12,25.0,Unknown,Running,3,1,0,0,6265,NA,MTX-A05,NXP-AUS
361,4405,WARNING4405-Zone Left_TS_2A is taking too long to reach setpoint.,SC1_Handler:TCS,0,0,Other,0,0,0,0,0,23:06:37 09-Feb-2022,23:06:54 09-Feb-2022,00:00:17,12,25.0,Unknown,Running,3,1,0,0,6265,NA,MTX-A05,NXP-AUS
362,4406,WARNING4406-Zone Left_TS_3A is taking too long to reach setpoint.,SC1_Handler:TCS,0,0,Other,0,0,0,0,0,23:06:38 09-Feb-2022,23:06:54 09-Feb-2022,00:00:16,11,25.0,Unknown,Running,3,1,0,0,6265,NA,MTX-A05,NXP-AUS
363,4407,WARNING4407-Zone Left_TS_4A is taking too long to reach setpoint.,SC1_Handler:TCS,0,0,Other,0,0,0,0,0,23:06:38 09-Feb-2022,23:06:54 09-Feb-2022,00:00:16,11,25.0,Unknown,Running,3,1,0,0,6265,NA,MTX-A05,NXP-AUS
364,4408,WARNING4408-Zone Right_TS_1A is taking too long to reach setpoint.,SC1_Handler:TCS,0,0,Other,0,0,0,0,0,23:06:38 09-Feb-2022,23:06:53 09-Feb-2022,00:00:15,11,25.0,Unknown,Running,3,1,0,0,6265,NA,MTX-A05,NXP-AUS
365,4409,WARNING4409-Zone Right_TS_2A is taking too long to reach setpoint.,SC1_Handler:TCS,0,0,Other,0,0,0,0,0,23:06:38 09-Feb-2022,23:06:53 09-Feb-2022,00:00:15,11,25.0,Unknown,Running,3,1,0,0,6265,NA,MTX-A05,NXP-AUS
366,4410,WARNING4410-Zone Right_TS_3A is taking too long to reach setpoint.,SC1_Handler:TCS,0,0,Other,0,0,0,0,0,23:06:38 09-Feb-2022,23:06:53 09-Feb-2022,00:00:15,11,25.0,Unknown,Running,3,1,0,0,6265,NA,MTX-A05,NXP-AUS
367,4411,WARNING4411-Zone Right_TS_4A is taking too long to reach setpoint.,SC1_Handler:TCS,0,0,Other,0,0,0,0,0,23:06:38 09-Feb-2022,23:06:53 09-Feb-2022,00:00:15,11,25.0,Unknown,Running,3,1,0,0,6265,NA,MTX-A05,NXP-AUS
368,4412,WARNING4412-Zone Left_TS_1B is taking too long to reach setpoint.,SC1_Handler:TCS,0,0,Other,0,0,0,0,0,23:06:38 09-Feb-2022,23:06:53 09-Feb-2022,00:00:15,11,25.0,Unknown,Running,3,1,0,0,6265,NA,MTX-A05,NXP-AUS
369,4413,WARNING4413-Zone Left_TS_2B is taking too long to reach setpoint.,SC1_Handler:TCS,0,0,Other,0,0,0,0,0,23:06:38 09-Feb-2022,23:06:53 09-Feb-2022,00:00:15,11,25.0,Unknown,Running,3,1,0,0,6265,NA,MTX-A05,NXP-AUS
370,4414,WARNING4414-Zone Left_TS_3B is taking too long to reach setpoint.,SC1_Handler:TCS,0,0,Other,0,0,0,0,0,23:06:39 09-Feb-2022,23:06:53 09-Feb-2022,00:00:14,10,25.0,Unknown,Running,3,1,0,0,6265,NA,MTX-A05,NXP-AUS
371,4415,WARNING4415-Zone Left_TS_4B is taking too long to reach setpoint.,SC1_Handler:TCS,0,0,Other,0,0,0,0,0,23:06:39 09-Feb-2022,23:06:53 09-Feb-2022,00:00:14,10,25.0,Unknown,Running,3,1,0,0,6265,NA,MTX-A05,NXP-AUS
372,4416,WARNING4416-Zone Right_TS_1B is taking too long to reach setpoint.,SC1_Handler:TCS,0,0,Other,0,0,0,0,0,23:06:39 09-Feb-2022,23:06:53 09-Feb-2022,00:00:14,10,25.0,Unknown,Running,3,1,0,0,6265,NA,MTX-A05,NXP-AUS
373,4417,WARNING4417-Zone Right_TS_2B is taking too long to reach setpoint.,SC1_Handler:TCS,0,0,Other,0,0,0,0,0,23:06:39 09-Feb-2022,23:06:52 09-Feb-2022,00:00:13,10,25.0,Unknown,Running,3,1,0,0,6265,NA,MTX-A05,NXP-AUS
374,4418,WARNING4418-Zone Right_TS_3B is taking too long to reach setpoint.,SC1_Handler:TCS,0,0,Other,0,0,0,0,0,23:06:39 09-Feb-2022,23:06:52 09-Feb-2022,00:00:13,10,25.0,Unknown,Running,3,1,0,0,6265,NA,MTX-A05,NXP-AUS
375,4419,WARNING4419-Zone Right_TS_4B is taking too long to reach setpoint.,SC1_Handler:TCS,0,0,Other,0,0,0,0,0,23:06:39 09-Feb-2022,23:06:52 09-Feb-2022,00:00:13,10,25.0,Unknown,Running,3,1,0,0,6265,NA,MTX-A05,NXP-AUS
376,4397,WARNING4397-Non Responsive Zones Detected Right_TS_3B. Closing Main LN2 valve.,SC1_Handler:TCS,0,Assist,Other,0,0,0,1,0,23:10:32 09-Feb-2022,23:11:07 09-Feb-2022,00:00:35,23,25.0,Unknown,Running,3,1,0,0,6265,5,MTX-A05,NXP-AUS
377,6451,WARNING6451-Partial Input Tray Detected at Input TPS1; Please confirm and Clear; or Retry as required.,SC1_Handler:PnP_Input,0,Assist,Other,0,0,0,0,1,23:10:54 09-Feb-2022,23:11:26 09-Feb-2022,00:00:32,1,25.0,Unknown,Running,3,1,0,0,6265,5,MTX-A05,NXP-AUS
378,14104,WARNING14104-Boat Chamber will reach temperature more quickly; if the handler is started.,SC1_Handler:Boat_Xport,0,0,Other,0,0,0,0,0,23:12:15 09-Feb-2022,23:13:12 09-Feb-2022,00:00:57,14,25.0,Unknown,Diag_Recovery,3,1,0,0,6265,NA,MTX-A05,NXP-AUS
379,9001,WARNING9001-*Configuration Validation Rule Violation has occurred.,Machine:UI,0,0,Other,0,0,0,0,0,23:12:15 09-Feb-2022,23:12:43 09-Feb-2022,00:00:28,14,25.0,Unknown,Diag_Recovery,3,1,0,0,6265,NA,MTX-A05,NXP-AUS
380,4397,WARNING4397-Non Responsive Zones Detected Left_TS_1B. Closing Main LN2 valve.,SC1_Handler:TCS,0,0,Reboot,0,1,0,0,0,23:16:00 09-Feb-2022,23:20:30 09-Feb-2022,00:04:30,443,25.0,Unknown,Running,3,1,0,0,6265,NA,MTX-A05,NXP-AUS
381,10062,WARNING10062-Output_Ion Ionizers are off,SC1_Handler:MC,0,0,Reboot,0,1,0,0,0,23:16:04 09-Feb-2022,23:20:30 09-Feb-2022,00:04:26,439,25.0,Unknown,Running,3,1,0,0,6265,NA,MTX-A05,NXP-AUS
382,10063,WARNING10063-Testsite_Ion Ionizers are off,SC1_Handler:MC,0,0,Other,0,0,0,0,0,23:16:04 09-Feb-2022,23:16:05 09-Feb-2022,00:00:01,439,25.0,Unknown,Running,3,1,0,0,6265,NA,MTX-A05,NXP-AUS
383,10061,WARNING10061-Input_Ion Ionizers are off,SC1_Handler:MC,0,0,Other,0,0,0,0,0,23:16:05 09-Feb-2022,23:16:05 09-Feb-2022,00:00:00,438,25.0,Unknown,Running,3,1,0,0,6265,NA,MTX-A05,NXP-AUS
384,10001,WARNING10001-Left TPS Access Door was detected to be open without first requesting it to be unlocked.  Must re-init to recover.  Please check all door locks and make sure they do not report open when they are pulled on while locked.,SC1_Handler,0,0,Reboot,0,1,0,0,0,23:16:06 09-Feb-2022,23:20:30 09-Feb-2022,00:04:24,437,25.0,Unknown,Running,3,1,0,0,6265,NA,MTX-A05,NXP-AUS
385,4496,WARNING4496-TCore communications problem.,SC1_Handler:KryoProxy,0,0,Reboot,0,1,0,0,0,23:16:06 09-Feb-2022,23:20:30 09-Feb-2022,00:04:24,437,25.0,Unknown,Running,3,1,0,0,6265,NA,MTX-A05,NXP-AUS
386,4392,WARNING4392-Chamber Gear Box is sensing low air Flow.  Shutting down Heaters.,SC1_Handler:TCS,0,0,Reboot,0,1,0,0,0,23:16:07 09-Feb-2022,23:20:30 09-Feb-2022,00:04:23,436,25.0,Unknown,Running,3,1,0,0,6265,NA,MTX-A05,NXP-AUS
387,4302,WARNING4302-Left_Input_Shuttle  has invalid configuration data.,SC1_Handler:TCS,0,0,Reboot,0,1,0,0,0,23:16:09 09-Feb-2022,23:20:30 09-Feb-2022,00:04:21,434,25.0,Unknown,Running,3,1,0,0,6265,NA,MTX-A05,NXP-AUS
388,9001,WARNING9001-*Configuration Validation Rule Violation has occurred.,Machine:UI,0,0,Reboot,0,1,0,0,0,23:16:11 09-Feb-2022,23:20:30 09-Feb-2022,00:04:19,432,25.0,Unknown,Running,3,1,0,0,6265,NA,MTX-A05,NXP-AUS
389,4303,WARNING4303-Right_Input_Shuttle  has invalid configuration data.,SC1_Handler:TCS,0,0,Reboot,0,1,0,0,0,23:16:29 09-Feb-2022,23:20:30 09-Feb-2022,00:04:01,414,25.0,Unknown,Running,3,1,0,0,6265,NA,MTX-A05,NXP-AUS
390,9001,WARNING9001-*Configuration Validation Rule Violation has occurred.,Machine:UI,0,0,Other,0,0,0,0,0,23:21:00 09-Feb-2022,23:25:43 09-Feb-2022,00:04:43,143,25.0,Productive,Uninit,1,1,0,0,6265,NA,MTX-A05,NXP-AUS
391,10062,WARNING10062-Output_Ion Ionizers are off,SC1_Handler:MC,0,0,Other,0,0,0,0,0,23:22:16 09-Feb-2022,23:24:54 09-Feb-2022,00:02:38,67,25.0,Productive,Uninit,1,1,0,0,6265,NA,MTX-A05,NXP-AUS
392,10063,WARNING10063-Testsite_Ion Ionizers are off,SC1_Handler:MC,0,0,Other,0,0,0,0,0,23:22:16 09-Feb-2022,23:24:54 09-Feb-2022,00:02:38,67,25.0,Productive,Uninit,1,1,0,0,6265,NA,MTX-A05,NXP-AUS
393,10061,WARNING10061-Input_Ion Ionizers are off,SC1_Handler:MC,0,0,Other,0,0,0,0,0,23:22:16 09-Feb-2022,23:24:54 09-Feb-2022,00:02:38,67,25.0,Productive,Uninit,1,1,0,0,6265,NA,MTX-A05,NXP-AUS
394,14104,WARNING14104-Boat Chamber will reach temperature more quickly; if the handler is started.,SC1_Handler:Boat_Xport,0,0,Other,0,0,0,0,0,23:25:10 09-Feb-2022,23:25:11 09-Feb-2022,00:00:01,3,25.0,Unknown,Uninit,1,1,0,0,6265,NA,MTX-A05,NXP-AUS
395,4313,WARNING4313-Left_TS_2B  reporting invalid temperature data.,SC1_Handler:TCS,0,0,Other,0,0,0,0,0,23:27:50 09-Feb-2022,23:27:50 09-Feb-2022,00:00:00,230,25.0,Unknown,Initializing,1,1,0,0,6265,NA,MTX-A05,NXP-AUS
396,4397,WARNING4397-Non Responsive Zones Detected Right_TS_4A. Closing Main LN2 valve.,SC1_Handler:TCS,0,Assist,Other,0,0,0,1,0,23:29:20 09-Feb-2022,23:31:43 09-Feb-2022,00:02:23,140,25.0,Unknown,Running,1,1,0,0,6265,5,MTX-A05,NXP-AUS
397,14104,WARNING14104-Boat Chamber will reach temperature more quickly; if the handler is started.,SC1_Handler:Boat_Xport,0,0,Other,0,0,0,0,0,23:32:18 09-Feb-2022,23:32:27 09-Feb-2022,00:00:09,5154,25.0,Unknown,Running,1,1,0,0,6265,NA,MTX-A05,NXP-AUS
398,4410,WARNING4410-Zone Right_TS_3A is taking too long to reach setpoint.,SC1_Handler:TCS,0,0,Reboot,0,1,0,0,0,00:50:27 10-Feb-2022,01:26:17 10-Feb-2022,00:35:50,465,50.0,Unknown,Running,1,1,0,0,6265,NA,MTX-A05,NXP-AUS
399,4404,WARNING4404-Zone Left_TS_1A is taking too long to reach setpoint.,SC1_Handler:TCS,0,0,Reboot,0,1,0,0,0,00:50:32 10-Feb-2022,01:26:17 10-Feb-2022,00:35:45,460,50.0,Unknown,Running,1,1,0,0,6265,NA,MTX-A05,NXP-AUS
400,4411,WARNING4411-Zone Right_TS_4A is taking too long to reach setpoint.,SC1_Handler:TCS,0,0,Reboot,0,1,0,0,0,00:50:48 10-Feb-2022,01:26:17 10-Feb-2022,00:35:29,444,50.0,Unknown,Running,1,1,0,0,6265,NA,MTX-A05,NXP-AUS
401,4418,WARNING4418-Zone Right_TS_3B is taking too long to reach setpoint.,SC1_Handler:TCS,0,0,Reboot,0,1,0,0,0,00:51:02 10-Feb-2022,01:26:17 10-Feb-2022,00:35:15,430,50.0,Unknown,Running,1,1,0,0,6265,NA,MTX-A05,NXP-AUS
402,4419,WARNING4419-Zone Right_TS_4B is taking too long to reach setpoint.,SC1_Handler:TCS,0,0,Reboot,0,1,0,0,0,00:51:06 10-Feb-2022,01:26:17 10-Feb-2022,00:35:11,426,50.0,Unknown,Running,1,1,0,0,6265,NA,MTX-A05,NXP-AUS
403,4412,WARNING4412-Zone Left_TS_1B is taking too long to reach setpoint.,SC1_Handler:TCS,0,0,Reboot,0,1,0,0,0,00:51:08 10-Feb-2022,01:26:17 10-Feb-2022,00:35:09,424,50.0,Unknown,Running,1,1,0,0,6265,NA,MTX-A05,NXP-AUS
404,4406,WARNING4406-Zone Left_TS_3A is taking too long to reach setpoint.,SC1_Handler:TCS,0,0,Reboot,0,1,0,0,0,00:51:32 10-Feb-2022,01:26:17 10-Feb-2022,00:34:45,400,50.0,Unknown,Running,1,1,0,0,6265,NA,MTX-A05,NXP-AUS
405,4413,WARNING4413-Zone Left_TS_2B is taking too long to reach setpoint.,SC1_Handler:TCS,0,0,Reboot,0,1,0,0,0,00:51:42 10-Feb-2022,01:26:17 10-Feb-2022,00:34:35,390,50.0,Unknown,Running,1,1,0,0,6265,NA,MTX-A05,NXP-AUS
406,4405,WARNING4405-Zone Left_TS_2A is taking too long to reach setpoint.,SC1_Handler:TCS,0,0,Reboot,0,1,0,0,0,00:51:42 10-Feb-2022,01:26:17 10-Feb-2022,00:34:35,390,50.0,Unknown,Running,1,1,0,0,6265,NA,MTX-A05,NXP-AUS
407,4416,WARNING4416-Zone Right_TS_1B is taking too long to reach setpoint.,SC1_Handler:TCS,0,0,Reboot,0,1,0,0,0,00:52:34 10-Feb-2022,01:26:17 10-Feb-2022,00:33:43,338,50.0,Unknown,Running,1,1,0,0,6265,NA,MTX-A05,NXP-AUS
408,4414,WARNING4414-Zone Left_TS_3B is taking too long to reach setpoint.,SC1_Handler:TCS,0,0,Reboot,0,1,0,0,0,00:53:10 10-Feb-2022,01:26:17 10-Feb-2022,00:33:07,302,50.0,Unknown,Running,1,1,0,0,6265,NA,MTX-A05,NXP-AUS
409,4408,WARNING4408-Zone Right_TS_1A is taking too long to reach setpoint.,SC1_Handler:TCS,0,0,Reboot,0,1,0,0,0,00:53:26 10-Feb-2022,01:26:17 10-Feb-2022,00:32:51,286,50.0,Unknown,Running,1,1,0,0,6265,NA,MTX-A05,NXP-AUS
410,4417,WARNING4417-Zone Right_TS_2B is taking too long to reach setpoint.,SC1_Handler:TCS,0,0,Reboot,0,1,0,0,0,00:53:39 10-Feb-2022,01:26:17 10-Feb-2022,00:32:38,273,50.0,Unknown,Running,1,1,0,0,6265,NA,MTX-A05,NXP-AUS
411,4407,WARNING4407-Zone Left_TS_4A is taking too long to reach setpoint.,SC1_Handler:TCS,0,0,Reboot,0,1,0,0,0,00:54:19 10-Feb-2022,01:26:17 10-Feb-2022,00:31:58,233,50.0,Unknown,Running,1,1,0,0,6265,NA,MTX-A05,NXP-AUS
412,4409,WARNING4409-Zone Right_TS_2A is taking too long to reach setpoint.,SC1_Handler:TCS,0,0,Reboot,0,1,0,0,0,00:54:27 10-Feb-2022,01:26:17 10-Feb-2022,00:31:50,225,50.0,Unknown,Running,1,1,0,0,6265,NA,MTX-A05,NXP-AUS
413,4415,WARNING4415-Zone Left_TS_4B is taking too long to reach setpoint.,SC1_Handler:TCS,0,0,Reboot,0,1,0,0,0,00:54:59 10-Feb-2022,01:26:17 10-Feb-2022,00:31:18,193,50.0,Unknown,Running,1,1,0,0,6265,NA,MTX-A05,NXP-AUS
414,4346,WARNING4346-Left_Ts_Cold_Gas  reporting invalid temperature data.,SC1_Handler:TCS,0,0,Other,0,0,0,0,0,01:02:29 10-Feb-2022,01:02:47 10-Feb-2022,00:00:18,1777,50.0,Unknown,Running,1,1,0,0,6265,NA,MTX-A05,NXP-AUS
415,10062,WARNING10062-Output_Ion Ionizers are off,SC1_Handler:MC,0,0,Other,0,0,0,0,0,01:17:30 10-Feb-2022,01:17:31 10-Feb-2022,00:00:01,876,50.0,Unknown,Running,1,1,0,0,0,NA,MTX-A05,NXP-AUS
416,10063,WARNING10063-Testsite_Ion Ionizers are off,SC1_Handler:MC,0,0,Other,0,0,0,0,0,01:17:31 10-Feb-2022,01:17:31 10-Feb-2022,00:00:00,875,50.0,Unknown,Running,1,1,0,0,0,NA,MTX-A05,NXP-AUS
417,10061,WARNING10061-Input_Ion Ionizers are off,SC1_Handler:MC,0,0,Other,0,0,0,0,0,01:17:31 10-Feb-2022,01:17:31 10-Feb-2022,00:00:00,875,50.0,Unknown,Running,1,1,0,0,0,NA,MTX-A05,NXP-AUS
418,10001,WARNING10001-Left TPS Access Door was detected to be open without first requesting it to be unlocked.  Must re-init to recover.  Please check all door locks and make sure they do not report open when they are pulled on while locked.,SC1_Handler,0,0,Reboot,0,1,0,0,0,01:17:31 10-Feb-2022,01:26:17 10-Feb-2022,00:08:46,875,50.0,Unknown,Running,1,1,0,0,0,NA,MTX-A05,NXP-AUS
419,4496,WARNING4496-TCore communications problem.,SC1_Handler:KryoProxy,0,0,Reboot,0,1,0,0,0,01:17:33 10-Feb-2022,01:26:17 10-Feb-2022,00:08:44,873,50.0,Unknown,Running,1,1,0,0,0,NA,MTX-A05,NXP-AUS
420,4392,WARNING4392-Chamber Gear Box is sensing low air Flow.  Shutting down Heaters.,SC1_Handler:TCS,0,0,Reboot,0,1,0,0,0,01:17:36 10-Feb-2022,01:26:17 10-Feb-2022,00:08:41,870,50.0,Unknown,Running,1,1,0,0,0,NA,MTX-A05,NXP-AUS
421,9001,WARNING9001-*Configuration Validation Rule Violation has occurred.,Machine:UI,0,0,Reboot,0,1,0,0,0,01:17:38 10-Feb-2022,01:26:17 10-Feb-2022,00:08:39,868,50.0,Unknown,Running,1,1,0,0,0,NA,MTX-A05,NXP-AUS
422,4386,WARNING4386-Under/Over Temperature Detected in the Chamber.  LN2 now shutoff. You may have to cycle power to recover.,SC1_Handler:TCS,0,0,Reboot,0,1,0,0,0,01:17:42 10-Feb-2022,01:26:17 10-Feb-2022,00:08:35,864,50.0,Unknown,Running,1,1,0,0,0,NA,MTX-A05,NXP-AUS
423,4302,WARNING4302-Left_Input_Shuttle  has invalid configuration data.,SC1_Handler:TCS,0,0,Reboot,0,1,0,0,0,01:17:47 10-Feb-2022,01:26:17 10-Feb-2022,00:08:30,859,50.0,Unknown,Running,1,1,0,0,0,NA,MTX-A05,NXP-AUS
424,4303,WARNING4303-Right_Input_Shuttle  has invalid configuration data.,SC1_Handler:TCS,0,0,Reboot,0,1,0,0,0,01:17:52 10-Feb-2022,01:26:17 10-Feb-2022,00:08:25,854,50.0,Unknown,Running,1,1,0,0,0,NA,MTX-A05,NXP-AUS
425,4336,WARNING4336-Contactor  has invalid configuration data.,SC1_Handler:TCS,0,0,Reboot,0,1,0,0,0,01:17:57 10-Feb-2022,01:26:17 10-Feb-2022,00:08:20,849,50.0,Unknown,Running,1,1,0,0,0,NA,MTX-A05,NXP-AUS
426,9001,WARNING9001-*Configuration Validation Rule Violation has occurred.,Machine:UI,0,0,Other,0,0,0,0,0,01:26:47 10-Feb-2022,01:32:28 10-Feb-2022,00:05:41,319,25.0,Productive,Uninit,1,1,0,0,0,NA,MTX-A05,NXP-AUS
427,10062,WARNING10062-Output_Ion Ionizers are off,SC1_Handler:MC,0,0,Other,0,0,0,0,0,01:27:57 10-Feb-2022,01:31:00 10-Feb-2022,00:03:03,249,25.0,Productive,Uninit,1,1,0,0,0,NA,MTX-A05,NXP-AUS
428,10063,WARNING10063-Testsite_Ion Ionizers are off,SC1_Handler:MC,0,0,Other,0,0,0,0,0,01:28:00 10-Feb-2022,01:31:00 10-Feb-2022,00:03:00,246,25.0,Productive,Uninit,1,1,0,0,0,NA,MTX-A05,NXP-AUS
429,10061,WARNING10061-Input_Ion Ionizers are off,SC1_Handler:MC,0,0,Other,0,0,0,0,0,01:28:00 10-Feb-2022,01:31:00 10-Feb-2022,00:03:00,246,25.0,Productive,Uninit,1,1,0,0,0,NA,MTX-A05,NXP-AUS
430,14104,WARNING14104-Boat Chamber will reach temperature more quickly; if the handler is started.,SC1_Handler:Boat_Xport,0,0,Other,0,0,0,0,0,01:32:06 10-Feb-2022,01:40:11 10-Feb-2022,00:08:05,141,50.0,Productive,Initializing,1,1,0,0,0,NA,MTX-A05,NXP-AUS
431,4397,WARNING4397-Non Responsive Zones Detected Right_TS_1B. Closing Main LN2 valve.,SC1_Handler:TCS,0,Assist,Other,0,0,0,1,0,01:36:14 10-Feb-2022,01:40:25 10-Feb-2022,00:04:11,248,50.0,Productive,Initializing,1,1,0,0,0,5,MTX-A05,NXP-AUS
432,4313,WARNING4313-Left_TS_2B  reporting invalid temperature data.,SC1_Handler:TCS,0,0,Other,0,0,0,0,0,01:42:15 10-Feb-2022,01:42:15 10-Feb-2022,00:00:00,147,50.0,Productive,Initializing,1,1,0,0,0,NA,MTX-A05,NXP-AUS
433,9001,WARNING9001-*Configuration Validation Rule Violation has occurred.,Machine:UI,0,0,Other,0,0,0,0,0,01:44:42 10-Feb-2022,01:45:39 10-Feb-2022,00:00:57,3,25.0,Unknown,Running,1,1,0,0,0,NA,MTX-A05,NXP-AUS
434,14104,WARNING14104-Boat Chamber will reach temperature more quickly; if the handler is started.,SC1_Handler:Boat_Xport,0,0,Other,0,0,0,0,0,01:44:45 10-Feb-2022,01:46:51 10-Feb-2022,00:02:06,0,50.0,Unknown,Running,1,1,0,0,0,NA,MTX-A05,NXP-AUS
435,9001,WARNING9001-*Configuration Validation Rule Violation has occurred.,Machine:UI,0,0,Other,0,0,0,0,0,01:52:54 10-Feb-2022,01:54:56 10-Feb-2022,00:02:02,18,25.0,Unknown,Running,1,1,0,0,0,NA,MTX-A05,NXP-AUS
436,14104,WARNING14104-Boat Chamber will reach temperature more quickly; if the handler is started.,SC1_Handler:Boat_Xport,0,0,Other,0,0,0,0,0,01:54:18 10-Feb-2022,01:54:34 10-Feb-2022,00:00:16,35987,50.0,Unknown,Running,1,1,0,0,0,NA,MTX-A05,NXP-AUS
437,14104,WARNING14104-Boat Chamber will reach temperature more quickly; if the handler is started.,SC1_Handler:Boat_Xport,0,0,Other,0,0,0,0,0,11:50:24 10-Feb-2022,11:53:28 10-Feb-2022,00:03:04,221,25.0,Unknown,Running,1,1,0,0,0,NA,MTX-A05,NXP-AUS
438,9001,WARNING9001-*Configuration Validation Rule Violation has occurred.,Machine:UI,0,0,Other,0,0,0,0,0,11:50:27 10-Feb-2022,11:50:49 10-Feb-2022,00:00:22,218,25.0,Unknown,Running,1,1,0,0,0,NA,MTX-A05,NXP-AUS
439,4400,WARNING4400-Zone Upper_Chamber is taking too long to reach setpoint.,SC1_Handler:TCS,0,0,Other,0,0,0,0,0,11:50:46 10-Feb-2022,11:50:48 10-Feb-2022,00:00:02,199,25.0,Unknown,Running,1,1,0,0,0,NA,MTX-A05,NXP-AUS
440,4401,WARNING4401-Zone Lower_Chamber is taking too long to reach setpoint.,SC1_Handler:TCS,0,0,Other,0,0,0,0,0,11:50:46 10-Feb-2022,11:50:49 10-Feb-2022,00:00:03,199,25.0,Unknown,Running,1,1,0,0,0,NA,MTX-A05,NXP-AUS
441,4402,WARNING4402-Zone Left_Input_Shuttle is taking too long to reach setpoint.,SC1_Handler:TCS,0,0,Other,0,0,0,0,0,11:50:46 10-Feb-2022,11:50:50 10-Feb-2022,00:00:04,199,25.0,Unknown,Running,1,1,0,0,0,NA,MTX-A05,NXP-AUS
442,4403,WARNING4403-Zone Right_Input_Shuttle is taking too long to reach setpoint.,SC1_Handler:TCS,0,0,Other,0,0,0,0,0,11:50:46 10-Feb-2022,11:50:51 10-Feb-2022,00:00:05,199,25.0,Unknown,Running,1,1,0,0,0,NA,MTX-A05,NXP-AUS
443,4404,WARNING4404-Zone Left_TS_1A is taking too long to reach setpoint.,SC1_Handler:TCS,0,0,Other,0,0,0,0,0,11:50:46 10-Feb-2022,11:53:28 10-Feb-2022,00:02:42,199,25.0,Unknown,Running,1,1,0,0,0,NA,MTX-A05,NXP-AUS
444,4405,WARNING4405-Zone Left_TS_2A is taking too long to reach setpoint.,SC1_Handler:TCS,0,0,Other,0,0,0,0,0,11:50:46 10-Feb-2022,11:53:28 10-Feb-2022,00:02:42,199,25.0,Unknown,Running,1,1,0,0,0,NA,MTX-A05,NXP-AUS
445,4406,WARNING4406-Zone Left_TS_3A is taking too long to reach setpoint.,SC1_Handler:TCS,0,0,Other,0,0,0,0,0,11:50:47 10-Feb-2022,11:53:28 10-Feb-2022,00:02:41,198,25.0,Unknown,Running,1,1,0,0,0,NA,MTX-A05,NXP-AUS
446,4407,WARNING4407-Zone Left_TS_4A is taking too long to reach setpoint.,SC1_Handler:TCS,0,0,Other,0,0,0,0,0,11:50:47 10-Feb-2022,11:53:27 10-Feb-2022,00:02:40,198,25.0,Unknown,Running,1,1,0,0,0,NA,MTX-A05,NXP-AUS
447,4408,WARNING4408-Zone Right_TS_1A is taking too long to reach setpoint.,SC1_Handler:TCS,0,0,Other,0,0,0,0,0,11:50:47 10-Feb-2022,11:53:27 10-Feb-2022,00:02:40,198,25.0,Unknown,Running,1,1,0,0,0,NA,MTX-A05,NXP-AUS
448,4409,WARNING4409-Zone Right_TS_2A is taking too long to reach setpoint.,SC1_Handler:TCS,0,0,Other,0,0,0,0,0,11:50:47 10-Feb-2022,11:53:27 10-Feb-2022,00:02:40,198,25.0,Unknown,Running,1,1,0,0,0,NA,MTX-A05,NXP-AUS
449,4410,WARNING4410-Zone Right_TS_3A is taking too long to reach setpoint.,SC1_Handler:TCS,0,0,Other,0,0,0,0,0,11:50:47 10-Feb-2022,11:53:27 10-Feb-2022,00:02:40,198,25.0,Unknown,Running,1,1,0,0,0,NA,MTX-A05,NXP-AUS
450,4411,WARNING4411-Zone Right_TS_4A is taking too long to reach setpoint.,SC1_Handler:TCS,0,0,Other,0,0,0,0,0,11:50:47 10-Feb-2022,11:53:27 10-Feb-2022,00:02:40,198,25.0,Unknown,Running,1,1,0,0,0,NA,MTX-A05,NXP-AUS
451,4412,WARNING4412-Zone Left_TS_1B is taking too long to reach setpoint.,SC1_Handler:TCS,0,0,Other,0,0,0,0,0,11:50:47 10-Feb-2022,11:53:27 10-Feb-2022,00:02:40,198,25.0,Unknown,Running,1,1,0,0,0,NA,MTX-A05,NXP-AUS
452,4414,WARNING4414-Zone Left_TS_3B is taking too long to reach setpoint.,SC1_Handler:TCS,0,0,Other,0,0,0,0,0,11:50:48 10-Feb-2022,11:53:27 10-Feb-2022,00:02:39,197,25.0,Unknown,Running,1,1,0,0,0,NA,MTX-A05,NXP-AUS
453,4415,WARNING4415-Zone Left_TS_4B is taking too long to reach setpoint.,SC1_Handler:TCS,0,0,Other,0,0,0,0,0,11:50:48 10-Feb-2022,11:53:27 10-Feb-2022,00:02:39,197,25.0,Unknown,Running,1,1,0,0,0,NA,MTX-A05,NXP-AUS
454,4416,WARNING4416-Zone Right_TS_1B is taking too long to reach setpoint.,SC1_Handler:TCS,0,0,Other,0,0,0,0,0,11:50:48 10-Feb-2022,11:53:27 10-Feb-2022,00:02:39,197,25.0,Unknown,Running,1,1,0,0,0,NA,MTX-A05,NXP-AUS
455,4417,WARNING4417-Zone Right_TS_2B is taking too long to reach setpoint.,SC1_Handler:TCS,0,0,Other,0,0,0,0,0,11:50:48 10-Feb-2022,11:53:27 10-Feb-2022,00:02:39,197,25.0,Unknown,Running,1,1,0,0,0,NA,MTX-A05,NXP-AUS
456,4418,WARNING4418-Zone Right_TS_3B is taking too long to reach setpoint.,SC1_Handler:TCS,0,0,Other,0,0,0,0,0,11:50:48 10-Feb-2022,11:53:26 10-Feb-2022,00:02:38,197,25.0,Unknown,Running,1,1,0,0,0,NA,MTX-A05,NXP-AUS
457,4419,WARNING4419-Zone Right_TS_4B is taking too long to reach setpoint.,SC1_Handler:TCS,0,0,Other,0,0,0,0,0,11:50:48 10-Feb-2022,11:53:26 10-Feb-2022,00:02:38,197,25.0,Unknown,Running,1,1,0,0,0,NA,MTX-A05,NXP-AUS
458,4436,WARNING4436-Zone Contactor is taking too long to reach setpoint.,SC1_Handler:TCS,0,0,Other,0,0,0,0,0,11:50:48 10-Feb-2022,11:51:10 10-Feb-2022,00:00:22,197,25.0,Unknown,Running,1,1,0,0,0,NA,MTX-A05,NXP-AUS
459,4397,WARNING4397-Non Responsive Zones Detected Right_TS_4A. Closing Main LN2 valve.,SC1_Handler:TCS,0,Assist,Other,0,0,0,1,0,11:54:34 10-Feb-2022,15:22:24 10-Feb-2022,03:27:50,9037,25.0,Unknown,Initializing,1,1,0,0,0,5,MTX-A05,NXP-AUS
460,4413,WARNING4413-Zone Left_TS_2B is taking too long to reach setpoint.,SC1_Handler:TCS,0,0,Other,0,0,0,0,0,15:23:49 10-Feb-2022,15:48:20 10-Feb-2022,00:24:31,1456,25.0,Unknown,Running,1,1,0,0,0,NA,MTX-A05,NXP-AUS
461,10062,WARNING10062-Output_Ion Ionizers are off,SC1_Handler:MC,0,0,Other,0,0,0,0,0,15:26:34 10-Feb-2022,15:56:09 10-Feb-2022,00:29:35,1291,25.0,Unknown,Running,1,1,0,0,0,NA,MTX-A05,NXP-AUS
462,10063,WARNING10063-Testsite_Ion Ionizers are off,SC1_Handler:MC,0,0,Other,0,0,0,0,0,15:26:34 10-Feb-2022,15:56:09 10-Feb-2022,00:29:35,1291,25.0,Unknown,Running,1,1,0,0,0,NA,MTX-A05,NXP-AUS
463,10061,WARNING10061-Input_Ion Ionizers are off,SC1_Handler:MC,0,0,Other,0,0,0,0,0,15:26:34 10-Feb-2022,15:56:09 10-Feb-2022,00:29:35,1291,25.0,Unknown,Running,1,1,0,0,0,NA,MTX-A05,NXP-AUS
