Export Time, Export Time Seconds, Last Cycle Count
2022-Mar-18-14:17:43,1647631063,21051

IntID,WARNID,Warn Text,Source,Type,Class,Subclass,Annotation,Reboot Count,Reinit Count,Retry Count,Clear Count,Set,Cleared,Elapsed,Response Time,Temperature,E10 Mode,OpMode,Station Mode,Tester Mode,Air P Low,Part Count,Cycle Count,User ID,Handler ID,Site ID
1,9876,WARNING9876-Recipe Load of System Type found 10 Items with Validation Criteria Range and Value  Total validation errors; go to Recipe detail to view,Machine:System,0,Assist,Other,0,0,0,0,1,10:51:31 03-Feb-2022,10:55:29 03-Feb-2022,00:03:58,168,25.0,Productive,Uninit,1,1,0,0,0,No User Logged In,MTX-04,FSAUS
2,9876,WARNING9876-Recipe Load of Test Type found 4 Items not loaded since not found in Validation C Total validation errors; go to Recipe detail to view,Machine:Test,0,Assist,Other,0,0,0,0,1,10:51:34 03-Feb-2022,10:54:50 03-Feb-2022,00:03:16,165,25.0,Productive,Uninit,1,1,0,0,0,No User Logged In,MTX-04,FSAUS
3,9001,WARNING9001-*Configuration Validation Rule Violation has occurred.,Machine:UI,0,0,Reboot,0,1,0,0,0,10:52:48 03-Feb-2022,11:15:26 03-Feb-2022,00:22:38,91,25.0,Productive,Uninit,1,1,0,0,0,NA,MTX-04,FSAUS
4,9876,WARNING9876-Recipe Load of System Type found 14 Items with Validation Criteria Range and Value  Total validation errors; go to Recipe detail to view,Machine:System,0,Assist,Other,0,0,0,0,1,10:58:58 03-Feb-2022,11:00:10 03-Feb-2022,00:01:12,62,25.0,Productive,Initializing,1,1,0,0,0,5,MTX-04,FSAUS
5,9876,WARNING9876-Recipe Load of Kit Type found 1 Items with Validation Criteria Range and Value p Total validation errors; go to Recipe detail to view,Machine:Kit,0,0,Other,0,0,0,0,0,11:01:47 03-Feb-2022,11:05:05 03-Feb-2022,00:03:18,602,25.0,Productive,Initializing,1,1,0,0,0,NA,MTX-04,FSAUS
6,13557,WARNING13557-Sitemap configuration has changed! Please query 'Status?' to reconfirm!,SC1_Handler:Ts_Tif,0,0,Reboot,0,1,0,0,0,11:07:25 03-Feb-2022,11:15:26 03-Feb-2022,00:08:01,264,25.0,Productive,Initializing,1,1,0,0,0,NA,MTX-04,FSAUS
7,9876,WARNING9876-Recipe Load of Kit Type found 1 Items with Validation Criteria Range and Value p Total validation errors; go to Recipe detail to view,Machine:Kit,0,0,Reboot,0,1,0,0,0,11:07:26 03-Feb-2022,11:15:26 03-Feb-2022,00:08:00,263,25.0,Productive,Initializing,1,1,0,0,0,NA,MTX-04,FSAUS
8,9001,WARNING9001-*Configuration Validation Rule Violation has occurred.,Machine:UI,0,0,Other,0,0,0,0,0,11:16:13 03-Feb-2022,11:21:02 03-Feb-2022,00:04:49,152,25.0,Productive,Uninit,1,1,0,0,0,NA,MTX-04,FSAUS
9,9001,WARNING9001-*Configuration Validation Rule Violation has occurred.,Machine:UI,0,0,Other,0,0,0,0,0,11:32:21 03-Feb-2022,11:32:44 03-Feb-2022,00:00:23,470,150.0,Productive,Running,1,1,0,0,0,NA,MTX-04,FSAUS
10,6451,WARNING6451-Partial Input Tray Detected at Input TPS1; Please confirm and Clear; or Retry as required.,SC1_Handler:PnP_Input,0,Assist,Other,0,0,0,0,1,13:00:53 03-Feb-2022,13:01:33 03-Feb-2022,00:00:40,36,150.0,Productive,Running,1,1,0,0,0,5,MTX-04,FSAUS
11,9001,WARNING9001-*Configuration Validation Rule Violation has occurred.,Machine:UI,0,0,Other,0,0,0,0,0,16:05:08 03-Feb-2022,16:05:15 03-Feb-2022,00:00:07,9,25.0,Productive,Initializing,1,1,0,0,0,NA,MTX-04,FSAUS
12,6451,WARNING6451-Partial Input Tray Detected at Input TPS1; Please confirm and Clear; or Retry as required.,SC1_Handler:PnP_Input,0,Assist,Other,0,0,0,0,1,16:32:00 03-Feb-2022,16:32:12 03-Feb-2022,00:00:12,293,25.0,Productive,Running,1,1,0,0,0,5,MTX-04,FSAUS
13,4389,WARNING4389-Internal regulated LN2 pressure was reported by the PPC as out of range.  Please verify regulated LN2 pressure displayed on the PPC is within expected operating range.  If PPC pressure display is out of range; or no display is present; check facility LN2 inlet pressure or troubleshoot handler cold gas control subsystem fault as required.,SC1_Handler:TCS,0,0,Other,0,0,0,0,0,01:13:16 04-Feb-2022,01:13:51 04-Feb-2022,00:00:35,8449,25.0,Productive,Running,1,1,0,0,0,NA,MTX-04,FSAUS
14,9001,WARNING9001-*Configuration Validation Rule Violation has occurred.,Machine:UI,0,0,Other,0,0,0,0,0,03:33:47 04-Feb-2022,03:33:54 04-Feb-2022,00:00:07,18,-45.0,Productive,Running,1,1,0,0,0,NA,MTX-04,FSAUS
15,4437,WARNING4437-Zone Left_Desoak_Shuttle is taking too long to reach setpoint.,SC1_Handler:TCS,0,0,Other,0,0,0,0,0,03:34:05 04-Feb-2022,03:34:11 04-Feb-2022,00:00:06,653,-45.0,Productive,Initializing,1,1,0,0,0,NA,MTX-04,FSAUS
16,4438,WARNING4438-Zone Right_Desoak_Shuttle is taking too long to reach setpoint.,SC1_Handler:TCS,0,0,Other,0,0,0,0,0,03:34:05 04-Feb-2022,03:34:07 04-Feb-2022,00:00:02,653,-45.0,Productive,Initializing,1,1,0,0,0,NA,MTX-04,FSAUS
17,4311,WARNING4311-Right_TS_4A  experiencing invalid RTD data read.,SC1_Handler:TCS,0,0,Other,0,0,0,0,0,03:44:58 04-Feb-2022,03:45:03 04-Feb-2022,00:00:05,90,-45.0,Productive,Initializing,1,1,0,0,0,NA,MTX-04,FSAUS
18,4309,WARNING4309-Right_TS_2A  experiencing invalid RTD data read.,SC1_Handler:TCS,0,0,Other,0,0,0,0,0,03:44:58 04-Feb-2022,03:45:02 04-Feb-2022,00:00:04,90,-45.0,Productive,Initializing,1,1,0,0,0,NA,MTX-04,FSAUS
19,4318,WARNING4318-Right_TS_3B  experiencing invalid RTD data read.,SC1_Handler:TCS,0,0,Other,0,0,0,0,0,03:44:59 04-Feb-2022,03:45:00 04-Feb-2022,00:00:01,89,-45.0,Productive,Initializing,1,1,0,0,0,NA,MTX-04,FSAUS
20,4317,WARNING4317-Right_TS_2B  experiencing invalid RTD data read.,SC1_Handler:TCS,0,0,Other,0,0,0,0,0,03:44:59 04-Feb-2022,03:45:03 04-Feb-2022,00:00:04,89,-45.0,Productive,Initializing,1,1,0,0,0,NA,MTX-04,FSAUS
21,4319,WARNING4319-Right_TS_4B  experiencing invalid RTD data read.,SC1_Handler:TCS,0,0,Other,0,0,0,0,0,03:44:59 04-Feb-2022,03:45:00 04-Feb-2022,00:00:01,89,-45.0,Productive,Initializing,1,1,0,0,0,NA,MTX-04,FSAUS
22,4325,WARNING4325-Right_TS_2C  experiencing invalid RTD data read.,SC1_Handler:TCS,0,0,Other,0,0,0,0,0,03:45:00 04-Feb-2022,03:45:00 04-Feb-2022,00:00:00,88,-45.0,Productive,Initializing,1,1,0,0,0,NA,MTX-04,FSAUS
23,9001,WARNING9001-*Configuration Validation Rule Violation has occurred.,Machine:UI,0,0,Other,0,0,0,0,0,03:45:02 04-Feb-2022,03:45:06 04-Feb-2022,00:00:04,86,-45.0,Productive,Initializing,1,1,0,0,0,NA,MTX-04,FSAUS
24,4307,WARNING4307-Left_TS_4A  has received a board failure notification.,SC1_Handler:TCS,0,0,Other,0,0,0,0,0,03:46:27 04-Feb-2022,03:46:33 04-Feb-2022,00:00:06,341,-45.0,Productive,Initializing,1,1,0,0,0,NA,MTX-04,FSAUS
25,4304,WARNING4304-Left_TS_1A  experiencing invalid RTD data read.,SC1_Handler:TCS,0,0,Other,0,0,0,0,0,03:46:28 04-Feb-2022,03:46:34 04-Feb-2022,00:00:06,340,-45.0,Productive,Initializing,1,1,0,0,0,NA,MTX-04,FSAUS
26,4314,WARNING4314-Left_TS_3B  experiencing invalid RTD data read.,SC1_Handler:TCS,0,0,Other,0,0,0,0,0,03:46:28 04-Feb-2022,03:46:32 04-Feb-2022,00:00:04,340,-45.0,Productive,Initializing,1,1,0,0,0,NA,MTX-04,FSAUS
27,4305,WARNING4305-Left_TS_2A  experiencing invalid RTD data read.,SC1_Handler:TCS,0,0,Other,0,0,0,0,0,03:46:29 04-Feb-2022,03:46:36 04-Feb-2022,00:00:07,339,-45.0,Productive,Initializing,1,1,0,0,0,NA,MTX-04,FSAUS
28,4315,WARNING4315-Left_TS_4B  has received a board failure notification.,SC1_Handler:TCS,0,0,Other,0,0,0,0,0,03:46:29 04-Feb-2022,03:46:31 04-Feb-2022,00:00:02,339,-45.0,Productive,Initializing,1,1,0,0,0,NA,MTX-04,FSAUS
29,4312,WARNING4312-Left_TS_1B  experiencing invalid RTD data read.,SC1_Handler:TCS,0,0,Other,0,0,0,0,0,03:46:29 04-Feb-2022,03:46:30 04-Feb-2022,00:00:01,339,-45.0,Productive,Initializing,1,1,0,0,0,NA,MTX-04,FSAUS
30,4323,WARNING4323-Left_TS_4C  has received a board failure notification.,SC1_Handler:TCS,0,0,Other,0,0,0,0,0,03:46:30 04-Feb-2022,03:46:30 04-Feb-2022,00:00:00,338,-45.0,Productive,Initializing,1,1,0,0,0,NA,MTX-04,FSAUS
31,9001,WARNING9001-*Configuration Validation Rule Violation has occurred.,Machine:UI,0,0,Other,0,0,0,0,0,03:46:36 04-Feb-2022,03:46:38 04-Feb-2022,00:00:02,332,-45.0,Productive,Initializing,1,1,0,0,0,NA,MTX-04,FSAUS
32,4308,WARNING4308-Right_TS_1A  has received a board failure notification.,SC1_Handler:TCS,0,0,Other,0,0,0,0,0,03:52:08 04-Feb-2022,03:52:14 04-Feb-2022,00:00:06,204,-45.0,Productive,Initializing,1,1,0,0,0,NA,MTX-04,FSAUS
33,4309,WARNING4309-Right_TS_2A  has received a board failure notification.,SC1_Handler:TCS,0,0,Other,0,0,0,0,0,03:52:08 04-Feb-2022,03:52:12 04-Feb-2022,00:00:04,204,-45.0,Productive,Initializing,1,1,0,0,0,NA,MTX-04,FSAUS
34,4326,WARNING4326-Right_TS_3C  experiencing invalid RTD data read.,SC1_Handler:TCS,0,0,Other,0,0,0,0,0,03:52:09 04-Feb-2022,03:52:10 04-Feb-2022,00:00:01,203,-45.0,Productive,Initializing,1,1,0,0,0,NA,MTX-04,FSAUS
35,4316,WARNING4316-Right_TS_1B  has received a board failure notification.,SC1_Handler:TCS,0,0,Other,0,0,0,0,0,03:52:10 04-Feb-2022,03:52:12 04-Feb-2022,00:00:02,202,-45.0,Productive,Initializing,1,1,0,0,0,NA,MTX-04,FSAUS
36,4317,WARNING4317-Right_TS_2B  has received a board failure notification.,SC1_Handler:TCS,0,0,Other,0,0,0,0,0,03:52:10 04-Feb-2022,03:52:11 04-Feb-2022,00:00:01,202,-45.0,Productive,Initializing,1,1,0,0,0,NA,MTX-04,FSAUS
37,4306,WARNING4306-Left_TS_3A  reporting invalid temperature data.,SC1_Handler:TCS,0,0,Other,0,0,0,0,0,03:55:32 04-Feb-2022,03:55:32 04-Feb-2022,00:00:00,290,-45.0,Productive,Initializing,1,1,0,0,0,NA,MTX-04,FSAUS
38,4333,WARNING4333-Right_TS_2D  has received a board failure notification.,SC1_Handler:TCS,0,0,Other,0,0,0,0,0,04:00:22 04-Feb-2022,04:00:29 04-Feb-2022,00:00:07,591,-45.0,Productive,Initializing,1,1,0,0,0,NA,MTX-04,FSAUS
39,4310,WARNING4310-Right_TS_3A  has received a board failure notification.,SC1_Handler:TCS,0,0,Other,0,0,0,0,0,04:00:23 04-Feb-2022,04:00:28 04-Feb-2022,00:00:05,590,-45.0,Productive,Initializing,1,1,0,0,0,NA,MTX-04,FSAUS
40,4411,WARNING4411-Zone Right_TS_4A is taking too long to reach setpoint.,SC1_Handler:TCS,0,0,Other,0,0,0,0,0,04:00:23 04-Feb-2022,04:08:42 04-Feb-2022,00:08:19,590,-45.0,Productive,Initializing,1,1,0,0,0,NA,MTX-04,FSAUS
41,4308,WARNING4308-Right_TS_1A  experiencing invalid RTD data read.,SC1_Handler:TCS,0,0,Other,0,0,0,0,0,04:00:23 04-Feb-2022,04:00:29 04-Feb-2022,00:00:06,590,-45.0,Productive,Initializing,1,1,0,0,0,NA,MTX-04,FSAUS
42,4309,WARNING4309-Right_TS_2A  has received a board failure notification.,SC1_Handler:TCS,0,0,Other,0,0,0,0,0,04:00:24 04-Feb-2022,04:00:27 04-Feb-2022,00:00:03,589,-45.0,Productive,Initializing,1,1,0,0,0,NA,MTX-04,FSAUS
43,4318,WARNING4318-Right_TS_3B  has received a board failure notification.,SC1_Handler:TCS,0,0,Other,0,0,0,0,0,04:00:25 04-Feb-2022,04:00:25 04-Feb-2022,00:00:00,588,-45.0,Productive,Initializing,1,1,0,0,0,NA,MTX-04,FSAUS
44,4316,WARNING4316-Right_TS_1B  experiencing invalid RTD data read.,SC1_Handler:TCS,0,0,Other,0,0,0,0,0,04:00:26 04-Feb-2022,04:00:26 04-Feb-2022,00:00:00,587,-45.0,Productive,Initializing,1,1,0,0,0,NA,MTX-04,FSAUS
45,9001,WARNING9001-*Configuration Validation Rule Violation has occurred.,Machine:UI,0,0,Other,0,0,0,0,0,04:00:28 04-Feb-2022,04:10:19 04-Feb-2022,00:09:51,585,-45.0,Productive,Initializing,1,1,0,0,0,NA,MTX-04,FSAUS
46,4419,WARNING4419-Zone Right_TS_4B is taking too long to reach setpoint.,SC1_Handler:TCS,0,0,Other,0,0,0,0,0,04:01:03 04-Feb-2022,04:08:43 04-Feb-2022,00:07:40,550,-45.0,Productive,Initializing,1,1,0,0,0,NA,MTX-04,FSAUS
47,4417,WARNING4417-Zone Right_TS_2B is taking too long to reach setpoint.,SC1_Handler:TCS,0,0,Other,0,0,0,0,0,04:02:11 04-Feb-2022,04:03:35 04-Feb-2022,00:01:24,482,-45.0,Productive,Initializing,1,1,0,0,0,NA,MTX-04,FSAUS
48,4409,WARNING4409-Zone Right_TS_2A is taking too long to reach setpoint.,SC1_Handler:TCS,0,0,Other,0,0,0,0,0,04:02:13 04-Feb-2022,04:04:47 04-Feb-2022,00:02:34,480,-45.0,Productive,Initializing,1,1,0,0,0,NA,MTX-04,FSAUS
49,4425,WARNING4425-Zone Right_TS_2C is taking too long to reach setpoint.,SC1_Handler:TCS,0,0,Other,0,0,0,0,0,04:05:24 04-Feb-2022,04:08:43 04-Feb-2022,00:03:19,289,-45.0,Productive,Initializing,1,1,0,0,0,NA,MTX-04,FSAUS
50,4336,WARNING4336-Contactor  experiencing invalid RTD data read on Zone Proxim,SC1_Handler:TCS,0,0,Other,0,0,0,0,0,04:10:12 04-Feb-2022,04:10:16 04-Feb-2022,00:00:04,519,-45.0,Productive,Initializing,1,1,0,0,0,NA,MTX-04,FSAUS
51,4411,WARNING4411-Zone Right_TS_4A is taking too long to reach setpoint.,SC1_Handler:TCS,0,0,Other,0,0,0,0,0,04:18:51 04-Feb-2022,04:20:23 04-Feb-2022,00:01:32,883,-45.0,Productive,Initializing,1,1,0,0,0,NA,MTX-04,FSAUS
52,4416,WARNING4416-Zone Right_TS_1B is taking too long to reach setpoint.,SC1_Handler:TCS,0,0,Other,0,0,0,0,0,04:18:51 04-Feb-2022,04:19:12 04-Feb-2022,00:00:21,883,-45.0,Productive,Initializing,1,1,0,0,0,NA,MTX-04,FSAUS
53,4419,WARNING4419-Zone Right_TS_4B is taking too long to reach setpoint.,SC1_Handler:TCS,0,0,Other,0,0,0,0,0,04:18:52 04-Feb-2022,04:20:06 04-Feb-2022,00:01:14,882,-45.0,Productive,Initializing,1,1,0,0,0,NA,MTX-04,FSAUS
54,4424,WARNING4424-Zone Right_TS_1C is taking too long to reach setpoint.,SC1_Handler:TCS,0,0,Other,0,0,0,0,0,04:18:52 04-Feb-2022,04:20:43 04-Feb-2022,00:01:51,882,-45.0,Productive,Initializing,1,1,0,0,0,NA,MTX-04,FSAUS
55,4425,WARNING4425-Zone Right_TS_2C is taking too long to reach setpoint.,SC1_Handler:TCS,0,0,Other,0,0,0,0,0,04:18:52 04-Feb-2022,04:20:50 04-Feb-2022,00:01:58,882,-45.0,Productive,Initializing,1,1,0,0,0,NA,MTX-04,FSAUS
56,4427,WARNING4427-Zone Right_TS_4C is taking too long to reach setpoint.,SC1_Handler:TCS,0,0,Other,0,0,0,0,0,04:18:52 04-Feb-2022,04:20:51 04-Feb-2022,00:01:59,882,-45.0,Productive,Initializing,1,1,0,0,0,NA,MTX-04,FSAUS
57,4432,WARNING4432-Zone Right_TS_1D is taking too long to reach setpoint.,SC1_Handler:TCS,0,0,Other,0,0,0,0,0,04:18:53 04-Feb-2022,04:20:37 04-Feb-2022,00:01:44,881,-45.0,Productive,Initializing,1,1,0,0,0,NA,MTX-04,FSAUS
58,4433,WARNING4433-Zone Right_TS_2D is taking too long to reach setpoint.,SC1_Handler:TCS,0,0,Other,0,0,0,0,0,04:18:53 04-Feb-2022,04:29:17 04-Feb-2022,00:10:24,881,-45.0,Productive,Initializing,1,1,0,0,0,NA,MTX-04,FSAUS
59,4435,WARNING4435-Zone Right_TS_4D is taking too long to reach setpoint.,SC1_Handler:TCS,0,0,Other,0,0,0,0,0,04:18:53 04-Feb-2022,04:29:50 04-Feb-2022,00:10:57,881,-45.0,Productive,Initializing,1,1,0,0,0,NA,MTX-04,FSAUS
60,4317,WARNING4317-Right_TS_2B  reporting invalid temperature data.,SC1_Handler:TCS,0,0,Other,0,0,0,0,0,04:20:49 04-Feb-2022,04:20:55 04-Feb-2022,00:00:06,765,-45.0,Productive,Initializing,1,1,0,0,0,NA,MTX-04,FSAUS
61,4325,WARNING4325-Right_TS_2C  experiencing invalid RTD data read.,SC1_Handler:TCS,0,0,Other,0,0,0,0,0,04:20:50 04-Feb-2022,04:20:51 04-Feb-2022,00:00:01,764,-45.0,Productive,Initializing,1,1,0,0,0,NA,MTX-04,FSAUS
62,4327,WARNING4327-Right_TS_4C  experiencing invalid RTD data read.,SC1_Handler:TCS,0,0,Other,0,0,0,0,0,04:20:51 04-Feb-2022,04:20:52 04-Feb-2022,00:00:01,763,-45.0,Productive,Initializing,1,1,0,0,0,NA,MTX-04,FSAUS
63,9001,WARNING9001-*Configuration Validation Rule Violation has occurred.,Machine:UI,0,0,Other,0,0,0,0,0,04:20:55 04-Feb-2022,04:20:58 04-Feb-2022,00:00:03,759,-45.0,Productive,Initializing,1,1,0,0,0,NA,MTX-04,FSAUS
64,4309,WARNING4309-Right_TS_2A  reporting invalid temperature data.,SC1_Handler:TCS,0,0,Other,0,0,0,0,0,04:26:39 04-Feb-2022,04:26:40 04-Feb-2022,00:00:01,415,-45.0,Productive,Initializing,1,1,0,0,0,NA,MTX-04,FSAUS
65,4308,WARNING4308-Right_TS_1A  reporting invalid temperature data.,SC1_Handler:TCS,0,0,Other,0,0,0,0,0,04:33:34 04-Feb-2022,04:33:39 04-Feb-2022,00:00:05,1356,-45.0,Productive,Initializing,1,1,0,0,0,NA,MTX-04,FSAUS
66,4335,WARNING4335-Right_TS_4D  reporting invalid temperature data.,SC1_Handler:TCS,0,0,Other,0,0,0,0,0,04:33:36 04-Feb-2022,04:33:38 04-Feb-2022,00:00:02,1354,-45.0,Productive,Initializing,1,1,0,0,0,NA,MTX-04,FSAUS
67,9001,WARNING9001-*Configuration Validation Rule Violation has occurred.,Machine:UI,0,0,Other,0,0,0,0,0,04:33:38 04-Feb-2022,04:33:42 04-Feb-2022,00:00:04,1352,-45.0,Productive,Initializing,1,1,0,0,0,NA,MTX-04,FSAUS
68,4311,WARNING4311-Right_TS_4A  reporting invalid temperature data.,SC1_Handler:TCS,0,0,Other,0,0,0,0,0,04:56:10 04-Feb-2022,04:56:14 04-Feb-2022,00:00:04,602,-45.0,Productive,Initializing,1,1,0,0,0,NA,MTX-04,FSAUS
69,4327,WARNING4327-Right_TS_4C  experiencing invalid RTD data read.,SC1_Handler:TCS,0,0,Other,0,0,0,0,0,04:56:10 04-Feb-2022,04:56:11 04-Feb-2022,00:00:01,602,-45.0,Productive,Initializing,1,1,0,0,0,NA,MTX-04,FSAUS
70,4325,WARNING4325-Right_TS_2C  experiencing invalid RTD data read.,SC1_Handler:TCS,0,0,Other,0,0,0,0,0,04:56:11 04-Feb-2022,04:56:16 04-Feb-2022,00:00:05,601,-45.0,Productive,Initializing,1,1,0,0,0,NA,MTX-04,FSAUS
71,4335,WARNING4335-Right_TS_4D  experiencing invalid RTD data read.,SC1_Handler:TCS,0,0,Other,0,0,0,0,0,04:56:11 04-Feb-2022,04:56:12 04-Feb-2022,00:00:01,601,-45.0,Productive,Initializing,1,1,0,0,0,NA,MTX-04,FSAUS
72,9001,WARNING9001-*Configuration Validation Rule Violation has occurred.,Machine:UI,0,0,Other,0,0,0,0,0,04:56:14 04-Feb-2022,04:56:19 04-Feb-2022,00:00:05,598,-45.0,Productive,Initializing,1,1,0,0,0,NA,MTX-04,FSAUS
73,4427,WARNING4427-Zone Right_TS_4C is taking too long to reach setpoint.,SC1_Handler:TCS,0,0,Other,0,0,0,0,0,05:06:12 04-Feb-2022,05:18:48 04-Feb-2022,00:12:36,345,-45.0,Productive,Initializing,1,1,0,0,0,NA,MTX-04,FSAUS
74,4435,WARNING4435-Zone Right_TS_4D is taking too long to reach setpoint.,SC1_Handler:TCS,0,0,Other,0,0,0,0,0,05:06:13 04-Feb-2022,05:18:46 04-Feb-2022,00:12:33,344,-45.0,Productive,Initializing,1,1,0,0,0,NA,MTX-04,FSAUS
75,4316,WARNING4316-Right_TS_1B  has invalid configuration data.,SC1_Handler:TCS,0,0,Other,0,0,0,0,0,05:13:00 04-Feb-2022,05:13:02 04-Feb-2022,00:00:02,30,-45.0,Productive,Initializing,1,1,0,0,0,NA,MTX-04,FSAUS
76,9001,WARNING9001-*Configuration Validation Rule Violation has occurred.,Machine:UI,0,0,Other,0,0,0,0,0,05:13:01 04-Feb-2022,05:13:10 04-Feb-2022,00:00:09,29,-45.0,Productive,Initializing,1,1,0,0,0,NA,MTX-04,FSAUS
77,4324,WARNING4324-Right_TS_1C  has invalid configuration data.,SC1_Handler:TCS,0,0,Other,0,0,0,0,0,05:13:02 04-Feb-2022,05:13:03 04-Feb-2022,00:00:01,28,-45.0,Productive,Initializing,1,1,0,0,0,NA,MTX-04,FSAUS
78,4408,WARNING4408-Zone Right_TS_1A is taking too long to reach setpoint.,SC1_Handler:TCS,0,0,Other,0,0,0,0,0,05:13:13 04-Feb-2022,05:13:14 04-Feb-2022,00:00:01,17,-45.0,Productive,Initializing,1,1,0,0,0,NA,MTX-04,FSAUS
79,4339,WARNING4339-Testsite_Humidity  has invalid configuration data.,SC1_Handler:TCS,0,0,Reboot,0,1,0,0,0,05:21:00 04-Feb-2022,05:27:46 04-Feb-2022,00:06:46,100,-45.0,Productive,Flushing,1,1,0,0,0,NA,MTX-04,FSAUS
80,9001,WARNING9001-*Configuration Validation Rule Violation has occurred.,Machine:UI,0,0,Reboot,0,1,0,0,0,05:21:02 04-Feb-2022,05:27:46 04-Feb-2022,00:06:44,98,-45.0,Productive,Flushing,1,1,0,0,0,NA,MTX-04,FSAUS
81,10001,WARNING10001-Left TPS Access Door was detected to be open without first requesting it to be unlocked.  Must re-init to recover.  Please check all door locks and make sure they do not report open when they are pulled on while locked.,SC1_Handler,0,0,Reboot,0,1,0,0,0,05:21:04 04-Feb-2022,05:27:46 04-Feb-2022,00:06:42,96,-45.0,Productive,Flushing,1,1,0,0,0,NA,MTX-04,FSAUS
82,4386,WARNING4386-Under/Over Temperature Detected in the Chamber.  LN2 now shutoff. You may have to cycle power to recover.,SC1_Handler:TCS,0,0,Reboot,0,1,0,0,0,05:21:11 04-Feb-2022,05:27:46 04-Feb-2022,00:06:35,89,-45.0,Productive,Flushing,1,1,0,0,0,NA,MTX-04,FSAUS
83,10561,WARNING10561-Input PnP unexpected part found on Z-Head(s) ?; before pick operation at Rest.,SC1_Handler:PnP_Input,0,0,Reboot,0,1,0,0,0,05:21:15 04-Feb-2022,05:27:46 04-Feb-2022,00:06:31,85,-45.0,Productive,Flushing,1,1,0,0,0,NA,MTX-04,FSAUS
84,4300,WARNING4300-Input_Chamber  has invalid configuration data.,SC1_Handler:TCS,0,0,Reboot,0,1,0,0,0,05:21:25 04-Feb-2022,05:27:46 04-Feb-2022,00:06:21,75,-45.0,Unknown,Flushing,1,1,0,0,0,NA,MTX-04,FSAUS
85,4301,WARNING4301-Transfer_Chamber  has invalid configuration data.,SC1_Handler:TCS,0,0,Reboot,0,1,0,0,0,05:21:27 04-Feb-2022,05:27:46 04-Feb-2022,00:06:19,73,-45.0,Unknown,Flushing,1,1,0,0,0,NA,MTX-04,FSAUS
86,4312,WARNING4312-Left_TS_1B  has invalid configuration data.,SC1_Handler:TCS,0,0,Reboot,0,1,0,0,0,05:21:50 04-Feb-2022,05:27:46 04-Feb-2022,00:05:56,50,-45.0,Unknown,Flushing,1,1,0,0,0,NA,MTX-04,FSAUS
87,4321,WARNING4321-Left_TS_2C  has invalid configuration data.,SC1_Handler:TCS,0,0,Reboot,0,1,0,0,0,05:21:52 04-Feb-2022,05:27:46 04-Feb-2022,00:05:54,48,-45.0,Unknown,Flushing,1,1,0,0,0,NA,MTX-04,FSAUS
88,4327,WARNING4327-Right_TS_4C  has invalid configuration data.,SC1_Handler:TCS,0,0,Reboot,0,1,0,0,0,05:22:13 04-Feb-2022,05:27:46 04-Feb-2022,00:05:33,27,-45.0,Unknown,Flushing,1,1,0,0,0,NA,MTX-04,FSAUS
89,4335,WARNING4335-Right_TS_4D  has invalid configuration data.,SC1_Handler:TCS,0,0,Reboot,0,1,0,0,0,05:22:14 04-Feb-2022,05:27:46 04-Feb-2022,00:05:32,26,-45.0,Unknown,Flushing,1,1,0,0,0,NA,MTX-04,FSAUS
90,4302,WARNING4302-Left_Input_Shuttle  has invalid configuration data.,SC1_Handler:TCS,0,0,Reboot,0,1,0,0,0,05:22:16 04-Feb-2022,05:27:46 04-Feb-2022,00:05:30,24,-45.0,Unknown,Flushing,1,1,0,0,0,NA,MTX-04,FSAUS
91,4389,WARNING4389-Internal regulated LN2 pressure was reported by the PPC as out of range.  Please verify regulated LN2 pressure displayed on the PPC is within expected operating range.  If PPC pressure display is out of range; or no display is present; check facility LN2 inlet pressure or troubleshoot handler cold gas control subsystem fault as required.,SC1_Handler:TCS,0,0,Reboot,0,1,0,0,0,05:22:40 04-Feb-2022,05:27:46 04-Feb-2022,00:05:06,505,-45.0,Unknown,Flushing,1,1,0,0,0,NA,MTX-04,FSAUS
92,9001,WARNING9001-*Configuration Validation Rule Violation has occurred.,Machine:UI,0,0,Other,0,0,0,0,0,05:28:31 04-Feb-2022,05:32:50 04-Feb-2022,00:04:19,154,25.0,Productive,Uninit,1,1,0,0,0,NA,MTX-04,FSAUS
93,4335,WARNING4335-Right_TS_4D  has received a board failure notification.,SC1_Handler:TCS,0,0,Other,0,0,0,0,0,06:35:39 04-Feb-2022,06:35:42 04-Feb-2022,00:00:03,606,-45.0,Productive,Running,1,1,0,0,0,NA,MTX-04,FSAUS
94,4324,WARNING4324-Right_TS_1C  experiencing invalid RTD data read.,SC1_Handler:TCS,0,0,Other,0,0,0,0,0,06:35:40 04-Feb-2022,06:35:43 04-Feb-2022,00:00:03,605,-45.0,Productive,Running,1,1,0,0,0,NA,MTX-04,FSAUS
95,4325,WARNING4325-Right_TS_2C  experiencing invalid RTD data read.,SC1_Handler:TCS,0,0,Other,0,0,0,0,0,06:35:40 04-Feb-2022,06:35:45 04-Feb-2022,00:00:05,605,-45.0,Productive,Running,1,1,0,0,0,NA,MTX-04,FSAUS
96,4311,WARNING4311-Right_TS_4A  has received a board failure notification.,SC1_Handler:TCS,0,0,Other,0,0,0,0,0,06:35:41 04-Feb-2022,06:35:41 04-Feb-2022,00:00:00,604,-45.0,Productive,Running,1,1,0,0,0,NA,MTX-04,FSAUS
97,9001,WARNING9001-*Configuration Validation Rule Violation has occurred.,Machine:UI,0,0,Other,0,0,0,0,0,06:35:44 04-Feb-2022,06:35:48 04-Feb-2022,00:00:04,601,-45.0,Productive,Running,1,1,0,0,0,NA,MTX-04,FSAUS
98,4424,WARNING4424-Zone Right_TS_1C is taking too long to reach setpoint.,SC1_Handler:TCS,0,0,Other,0,0,0,0,0,06:45:44 04-Feb-2022,06:46:49 04-Feb-2022,00:01:05,212,-45.0,Productive,Running,1,1,0,0,0,NA,MTX-04,FSAUS
99,4425,WARNING4425-Zone Right_TS_2C is taking too long to reach setpoint.,SC1_Handler:TCS,0,0,Other,0,0,0,0,0,06:45:46 04-Feb-2022,06:47:06 04-Feb-2022,00:01:20,210,-45.0,Productive,Running,1,1,0,0,0,NA,MTX-04,FSAUS
100,4324,WARNING4324-Right_TS_1C  reporting invalid temperature data.,SC1_Handler:TCS,0,0,Other,0,0,0,0,0,06:49:16 04-Feb-2022,06:49:19 04-Feb-2022,00:00:03,363,-45.0,Productive,Running,1,1,0,0,0,NA,MTX-04,FSAUS
101,4319,WARNING4319-Right_TS_4B  has received a board failure notification.,SC1_Handler:TCS,0,0,Reboot,0,1,0,0,0,06:55:19 04-Feb-2022,20:25:37 10-Feb-2022,157:30:18,7,-45.0,Productive,Running,1,1,0,0,0,NA,MTX-04,FSAUS
102,4327,WARNING4327-Right_TS_4C  has received a board failure notification.,SC1_Handler:TCS,0,0,Other,0,0,0,0,0,06:55:20 04-Feb-2022,06:55:22 04-Feb-2022,00:00:02,6,-45.0,Productive,Running,1,1,0,0,0,NA,MTX-04,FSAUS
103,4335,WARNING4335-Right_TS_4D  has received a board failure notification.,SC1_Handler:TCS,0,0,Other,0,0,0,0,0,06:55:20 04-Feb-2022,06:55:22 04-Feb-2022,00:00:02,6,-45.0,Productive,Running,1,1,0,0,0,NA,MTX-04,FSAUS
104,4311,WARNING4311-Right_TS_4A  has received a board failure notification.,SC1_Handler:TCS,0,0,Other,0,0,0,0,0,06:55:21 04-Feb-2022,06:55:21 04-Feb-2022,00:00:00,5,-45.0,Productive,Running,1,1,0,0,0,NA,MTX-04,FSAUS
105,4325,WARNING4325-Right_TS_2C  reporting invalid temperature data.,SC1_Handler:TCS,0,0,Other,0,0,0,0,0,06:55:21 04-Feb-2022,06:55:24 04-Feb-2022,00:00:03,5,-45.0,Productive,Running,1,1,0,0,0,NA,MTX-04,FSAUS
106,9001,WARNING9001-*Configuration Validation Rule Violation has occurred.,Machine:UI,0,Assist,Other,0,0,0,0,2,06:55:26 04-Feb-2022,10:44:22 04-Feb-2022,03:48:56,1259,-45.0,Productive,Running,1,1,0,0,0,5,MTX-04,FSAUS
107,4324,WARNING4324-Right_TS_1C  reporting invalid temperature data.,SC1_Handler:TCS,0,0,Other,0,0,0,0,0,07:04:32 04-Feb-2022,07:04:35 04-Feb-2022,00:00:03,713,-45.0,Productive,Running,1,1,0,0,0,NA,MTX-04,FSAUS
108,4324,WARNING4324-Right_TS_1C  has received a board failure notification.,SC1_Handler:TCS,0,0,Other,0,0,0,0,0,07:06:50 04-Feb-2022,07:06:55 04-Feb-2022,00:00:05,575,-45.0,Productive,Running,1,1,0,0,0,NA,MTX-04,FSAUS
109,4332,WARNING4332-Right_TS_1D  has received a board failure notification.,SC1_Handler:TCS,0,0,Other,0,0,0,0,0,07:06:51 04-Feb-2022,07:06:56 04-Feb-2022,00:00:05,574,-45.0,Productive,Running,1,1,0,0,0,NA,MTX-04,FSAUS
110,4308,WARNING4308-Right_TS_1A  has received a board failure notification.,SC1_Handler:TCS,0,0,Other,0,0,0,0,0,07:06:52 04-Feb-2022,07:06:58 04-Feb-2022,00:00:06,573,-45.0,Productive,Running,1,1,0,0,0,NA,MTX-04,FSAUS
111,4316,WARNING4316-Right_TS_1B  has received a board failure notification.,SC1_Handler:TCS,0,0,Other,0,0,0,0,0,07:06:54 04-Feb-2022,07:06:54 04-Feb-2022,00:00:00,571,-45.0,Productive,Running,1,1,0,0,0,NA,MTX-04,FSAUS
112,4325,WARNING4325-Right_TS_2C  reporting invalid temperature data.,SC1_Handler:TCS,0,0,Other,0,0,0,0,0,07:12:49 04-Feb-2022,07:12:54 04-Feb-2022,00:00:05,216,-45.0,Productive,Running,1,1,0,0,0,NA,MTX-04,FSAUS
113,4326,WARNING4326-Right_TS_3C  reporting invalid temperature data.,SC1_Handler:TCS,0,0,Other,0,0,0,0,0,07:12:50 04-Feb-2022,07:12:55 04-Feb-2022,00:00:05,215,-45.0,Productive,Running,1,1,0,0,0,NA,MTX-04,FSAUS
114,4311,WARNING4311-Right_TS_4A  reporting invalid temperature data.,SC1_Handler:TCS,0,0,Other,0,0,0,0,0,07:12:51 04-Feb-2022,07:12:51 04-Feb-2022,00:00:00,214,-45.0,Productive,Running,1,1,0,0,0,NA,MTX-04,FSAUS
115,4310,WARNING4310-Right_TS_3A  reporting invalid temperature data.,SC1_Handler:TCS,0,0,Other,0,0,0,0,0,07:20:51 04-Feb-2022,07:20:52 04-Feb-2022,00:00:01,10069,-45.0,Productive,Running,1,1,0,0,0,NA,MTX-04,FSAUS
116,4327,WARNING4327-Right_TS_4C  experiencing invalid RTD data read.,SC1_Handler:TCS,0,0,Other,0,0,0,0,0,09:14:02 04-Feb-2022,09:14:03 04-Feb-2022,00:00:01,3278,-45.0,Productive,Running,1,1,0,0,0,NA,MTX-04,FSAUS
117,4308,WARNING4308-Right_TS_1A  experiencing invalid RTD data read.,SC1_Handler:TCS,0,0,Other,0,0,0,0,0,09:14:04 04-Feb-2022,09:14:06 04-Feb-2022,00:00:02,3276,-45.0,Productive,Running,1,1,0,0,0,NA,MTX-04,FSAUS
118,4310,WARNING4310-Right_TS_3A  reporting invalid temperature data.,SC1_Handler:TCS,0,0,Other,0,0,0,0,0,09:35:36 04-Feb-2022,09:35:40 04-Feb-2022,00:00:04,1984,-45.0,Productive,Running,1,1,0,0,0,NA,MTX-04,FSAUS
119,4318,WARNING4318-Right_TS_3B  reporting invalid temperature data.,SC1_Handler:TCS,0,0,Other,0,0,0,0,0,09:35:36 04-Feb-2022,09:35:37 04-Feb-2022,00:00:01,1984,-45.0,Productive,Running,1,1,0,0,0,NA,MTX-04,FSAUS
120,6451,WARNING6451-Partial Input Tray Detected at Input TPS1; Please confirm and Clear; or Retry as required.,SC1_Handler:PnP_Input,0,Assist,Other,0,0,0,0,1,11:00:42 04-Feb-2022,11:00:48 04-Feb-2022,00:00:06,8560,25.0,Productive,Running,1,1,0,0,0,5,MTX-04,FSAUS
121,9001,WARNING9001-*Configuration Validation Rule Violation has occurred.,Machine:UI,0,0,Other,0,0,0,0,0,13:23:22 04-Feb-2022,14:48:21 04-Feb-2022,01:24:59,5718,25.0,Productive,Running,1,1,0,0,0,NA,MTX-04,FSAUS
122,9876,WARNING9876-Recipe Load of Kit Type found 1 Items with Validation Criteria Range and Value p Total validation errors; go to Recipe detail to view,Machine:Kit,0,0,Other,0,0,0,0,0,14:46:25 04-Feb-2022,14:48:49 04-Feb-2022,00:02:24,735,25.0,Productive,Diagnostic,1,1,0,0,0,NA,MTX-04,FSAUS
123,9876,WARNING9876-Recipe Load of Test Type found 4 Items not loaded since not found in Validation C Total validation errors; go to Recipe detail to view,Machine:Test,0,0,Other,0,0,0,0,0,14:47:14 04-Feb-2022,14:48:45 04-Feb-2022,00:01:31,686,25.0,Productive,Diagnostic,1,1,0,0,0,NA,MTX-04,FSAUS
124,9001,WARNING9001-*Configuration Validation Rule Violation has occurred.,Machine:UI,0,0,Other,0,0,0,0,0,14:58:40 04-Feb-2022,14:58:46 04-Feb-2022,00:00:06,9015,25.0,Productive,Running,1,1,0,0,0,NA,MTX-04,FSAUS
125,9001,WARNING9001-*Configuration Validation Rule Violation has occurred.,Machine:UI,0,0,Other,0,0,0,0,0,17:28:55 04-Feb-2022,17:29:06 04-Feb-2022,00:00:11,1238,-45.0,Productive,Running,1,1,0,0,84,NA,MTX-04,FSAUS
126,4438,WARNING4438-Zone Right_Desoak_Shuttle is taking too long to reach setpoint.,SC1_Handler:TCS,0,0,Other,0,0,0,0,0,17:29:01 04-Feb-2022,17:30:15 04-Feb-2022,00:01:14,1232,-45.0,Productive,Running,1,1,0,0,84,NA,MTX-04,FSAUS
127,4317,WARNING4317-Right_TS_2B  reporting invalid temperature data.,SC1_Handler:TCS,0,0,Other,0,0,0,0,0,17:49:32 04-Feb-2022,17:49:35 04-Feb-2022,00:00:03,775,-45.0,Productive,Running,1,1,0,0,84,NA,MTX-04,FSAUS
128,4318,WARNING4318-Right_TS_3B  reporting invalid temperature data.,SC1_Handler:TCS,0,0,Other,0,0,0,0,0,17:49:34 04-Feb-2022,17:49:35 04-Feb-2022,00:00:01,773,-45.0,Productive,Running,1,1,0,0,84,NA,MTX-04,FSAUS
129,4310,WARNING4310-Right_TS_3A  has received a board failure notification.,SC1_Handler:TCS,0,0,Other,0,0,0,0,0,18:02:27 04-Feb-2022,18:02:32 04-Feb-2022,00:00:05,528,-45.0,Productive,Running,1,1,0,0,84,NA,MTX-04,FSAUS
130,4318,WARNING4318-Right_TS_3B  has received a board failure notification.,SC1_Handler:TCS,0,0,Other,0,0,0,0,0,18:02:28 04-Feb-2022,18:02:30 04-Feb-2022,00:00:02,527,-45.0,Productive,Running,1,1,0,0,84,NA,MTX-04,FSAUS
131,4326,WARNING4326-Right_TS_3C  has received a board failure notification.,SC1_Handler:TCS,0,0,Other,0,0,0,0,0,18:02:28 04-Feb-2022,18:02:31 04-Feb-2022,00:00:03,527,-45.0,Productive,Running,1,1,0,0,84,NA,MTX-04,FSAUS
132,9001,WARNING9001-*Configuration Validation Rule Violation has occurred.,Machine:UI,0,0,Other,0,0,0,0,0,18:02:30 04-Feb-2022,18:02:35 04-Feb-2022,00:00:05,525,-45.0,Productive,Running,1,1,0,0,84,NA,MTX-04,FSAUS
133,4311,WARNING4311-Right_TS_4A  has received a board failure notification.,SC1_Handler:TCS,0,0,Reboot,0,1,0,0,0,18:11:15 04-Feb-2022,20:25:37 10-Feb-2022,146:14:22,2432,-45.0,Productive,Running,1,1,0,0,84,NA,MTX-04,FSAUS
134,4319,WARNING4319-Right_TS_4B  has received a board failure notification.,SC1_Handler:TCS,0,0,Other,0,0,0,0,0,18:11:16 04-Feb-2022,18:11:17 04-Feb-2022,00:00:01,2431,-45.0,Productive,Running,1,1,0,0,84,NA,MTX-04,FSAUS
135,4316,WARNING4316-Right_TS_1B  has received a board failure notification.,SC1_Handler:TCS,0,0,Other,0,0,0,0,0,18:11:16 04-Feb-2022,18:11:19 04-Feb-2022,00:00:03,2431,-45.0,Productive,Running,1,1,0,0,84,NA,MTX-04,FSAUS
136,9001,WARNING9001-*Configuration Validation Rule Violation has occurred.,Machine:UI,0,Assist,Other,0,0,0,0,2,18:11:18 04-Feb-2022,19:20:20 04-Feb-2022,01:09:02,2429,-45.0,Productive,Running,1,1,0,0,84,5,MTX-04,FSAUS
137,4316,WARNING4316-Right_TS_1B  has received a board failure notification.,SC1_Handler:TCS,0,0,Other,0,0,0,0,0,18:19:48 04-Feb-2022,18:19:49 04-Feb-2022,00:00:01,1919,-45.0,Productive,Running,1,1,0,0,84,NA,MTX-04,FSAUS
138,4316,WARNING4316-Right_TS_1B  has received a board failure notification.,SC1_Handler:TCS,0,0,Other,0,0,0,0,0,18:29:57 04-Feb-2022,18:30:03 04-Feb-2022,00:00:06,1310,-45.0,Productive,Running,1,1,0,0,84,NA,MTX-04,FSAUS
139,4310,WARNING4310-Right_TS_3A  reporting invalid temperature data.,SC1_Handler:TCS,0,0,Other,0,0,0,0,0,18:29:58 04-Feb-2022,18:30:02 04-Feb-2022,00:00:04,1309,-45.0,Productive,Running,1,1,0,0,84,NA,MTX-04,FSAUS
140,4316,WARNING4316-Right_TS_1B  has received a board failure notification.,SC1_Handler:TCS,0,0,Other,0,0,0,0,0,18:42:47 04-Feb-2022,18:42:49 04-Feb-2022,00:00:02,540,-45.0,Productive,Running,1,1,0,0,84,NA,MTX-04,FSAUS
141,4316,WARNING4316-Right_TS_1B  has received a board failure notification.,SC1_Handler:TCS,0,0,Other,0,0,0,0,0,19:14:08 04-Feb-2022,19:14:12 04-Feb-2022,00:00:04,125,-45.0,Productive,Running,1,1,0,0,84,NA,MTX-04,FSAUS
142,4310,WARNING4310-Right_TS_3A  reporting invalid temperature data.,SC1_Handler:TCS,0,0,Other,0,0,0,0,0,19:14:12 04-Feb-2022,19:14:13 04-Feb-2022,00:00:01,121,-45.0,Productive,Running,1,1,0,0,84,NA,MTX-04,FSAUS
143,4311,WARNING4311-Right_TS_4A  has invalid configuration data.,SC1_Handler:TCS,0,0,Other,0,0,0,0,0,19:18:50 04-Feb-2022,19:20:16 04-Feb-2022,00:01:26,17,-45.0,Productive,Running,1,1,0,0,84,NA,MTX-04,FSAUS
144,4336,WARNING4336-Contactor  experiencing invalid RTD data read on Zone Proxim,SC1_Handler:TCS,0,Assist,Other,0,0,0,2,0,19:19:06 04-Feb-2022,19:19:50 04-Feb-2022,00:00:44,1,-45.0,Productive,Running,1,1,0,0,84,5,MTX-04,FSAUS
145,6451,WARNING6451-Partial Input Tray Detected at Input TPS1; Please confirm and Clear; or Retry as required.,SC1_Handler:PnP_Input,0,Assist,Other,0,0,0,0,1,21:12:45 04-Feb-2022,21:40:46 04-Feb-2022,00:28:01,1672,-45.0,Unknown,Running,1,1,0,0,323,5,MTX-04,FSAUS
146,6451,WARNING6451-Partial Input Tray Detected at Input TPS1; Please confirm and Clear; or Retry as required.,SC1_Handler:PnP_Input,0,Assist,Other,0,0,0,0,1,22:04:46 04-Feb-2022,22:06:24 04-Feb-2022,00:01:38,3240,-45.0,Unknown,Running,1,1,0,0,383,5,MTX-04,FSAUS
147,6451,WARNING6451-Partial Input Tray Detected at Input TPS1; Please confirm and Clear; or Retry as required.,SC1_Handler:PnP_Input,0,Assist,Other,0,0,0,0,1,22:58:46 04-Feb-2022,23:00:31 04-Feb-2022,00:01:45,924,130.0,Unknown,Running,1,1,0,0,394,5,MTX-04,FSAUS
148,12902,WARNING12902-A device is being tested. Do you want to stop? 
 Yes - Stop immediately; test will fail. 
 No - Do not stop.  
 Cancel - Stop after test,SC1_Handler:Ts_Coord,0,0,Reboot,0,1,0,0,0,23:14:10 04-Feb-2022,20:25:37 10-Feb-2022,141:11:27,7347,130.0,Productive,Running,1,1,0,0,410,NA,MTX-04,FSAUS
149,6451,WARNING6451-Partial Input Tray Detected at Input TPS1; Please confirm and Clear; or Retry as required.,SC1_Handler:PnP_Input,0,Assist,Other,0,0,0,0,1,01:16:37 05-Feb-2022,01:19:26 05-Feb-2022,00:02:49,710,130.0,Productive,Running,1,1,0,0,693,5,MTX-04,FSAUS
150,9001,WARNING9001-*Configuration Validation Rule Violation has occurred.,Machine:UI,0,0,Other,0,0,0,0,0,01:28:27 05-Feb-2022,01:28:35 05-Feb-2022,00:00:08,2674,25.0,Productive,Running,1,1,0,0,701,NA,MTX-04,FSAUS
151,4389,WARNING4389-Internal regulated LN2 pressure was reported by the PPC as out of range.  Please verify regulated LN2 pressure displayed on the PPC is within expected operating range.  If PPC pressure display is out of range; or no display is present; check facility LN2 inlet pressure or troubleshoot handler cold gas control subsystem fault as required.,SC1_Handler:TCS,0,0,Other,0,0,0,0,0,01:28:34 05-Feb-2022,01:28:40 05-Feb-2022,00:00:06,2667,25.0,Productive,Running,1,1,0,0,701,NA,MTX-04,FSAUS
152,6451,WARNING6451-Partial Input Tray Detected at Input TPS1; Please confirm and Clear; or Retry as required.,SC1_Handler:PnP_Input,0,Assist,Other,0,0,0,0,1,02:13:01 05-Feb-2022,02:13:14 05-Feb-2022,00:00:13,4648,25.0,Productive,Running,1,1,0,0,701,5,MTX-04,FSAUS
153,4389,WARNING4389-Internal regulated LN2 pressure was reported by the PPC as out of range.  Please verify regulated LN2 pressure displayed on the PPC is within expected operating range.  If PPC pressure display is out of range; or no display is present; check facility LN2 inlet pressure or troubleshoot handler cold gas control subsystem fault as required.,SC1_Handler:TCS,0,0,Other,0,0,0,0,0,03:30:29 05-Feb-2022,03:30:39 05-Feb-2022,00:00:10,572,25.0,Productive,Running,1,1,0,0,976,NA,MTX-04,FSAUS
154,4389,WARNING4389-Internal regulated LN2 pressure was reported by the PPC as out of range.  Please verify regulated LN2 pressure displayed on the PPC is within expected operating range.  If PPC pressure display is out of range; or no display is present; check facility LN2 inlet pressure or troubleshoot handler cold gas control subsystem fault as required.,SC1_Handler:TCS,0,0,Other,0,0,0,0,0,03:40:01 05-Feb-2022,03:40:11 05-Feb-2022,00:00:10,131,25.0,Productive,Running,1,1,0,0,1000,NA,MTX-04,FSAUS
155,6451,WARNING6451-Partial Input Tray Detected at Input TPS1; Please confirm and Clear; or Retry as required.,SC1_Handler:PnP_Input,0,Assist,Other,0,0,0,0,1,03:42:12 05-Feb-2022,03:42:35 05-Feb-2022,00:00:23,873,25.0,Productive,Running,1,1,0,0,1000,5,MTX-04,FSAUS
156,4389,WARNING4389-Internal regulated LN2 pressure was reported by the PPC as out of range.  Please verify regulated LN2 pressure displayed on the PPC is within expected operating range.  If PPC pressure display is out of range; or no display is present; check facility LN2 inlet pressure or troubleshoot handler cold gas control subsystem fault as required.,SC1_Handler:TCS,0,0,Other,0,0,0,0,0,03:56:45 05-Feb-2022,03:56:55 05-Feb-2022,00:00:10,12984,25.0,Productive,Running,1,1,0,0,1004,NA,MTX-04,FSAUS
157,4389,WARNING4389-Internal regulated LN2 pressure was reported by the PPC as out of range.  Please verify regulated LN2 pressure displayed on the PPC is within expected operating range.  If PPC pressure display is out of range; or no display is present; check facility LN2 inlet pressure or troubleshoot handler cold gas control subsystem fault as required.,SC1_Handler:TCS,0,0,Other,0,0,0,0,0,07:33:09 05-Feb-2022,07:34:25 05-Feb-2022,00:01:16,741,25.0,Productive,Running,1,1,0,0,1004,NA,MTX-04,FSAUS
158,4389,WARNING4389-Internal regulated LN2 pressure was reported by the PPC as out of range.  Please verify regulated LN2 pressure displayed on the PPC is within expected operating range.  If PPC pressure display is out of range; or no display is present; check facility LN2 inlet pressure or troubleshoot handler cold gas control subsystem fault as required.,SC1_Handler:TCS,0,0,Other,0,0,0,0,0,07:45:30 05-Feb-2022,07:45:35 05-Feb-2022,00:00:05,879,25.0,Productive,Running,1,1,0,0,1004,NA,MTX-04,FSAUS
159,4389,WARNING4389-Internal regulated LN2 pressure was reported by the PPC as out of range.  Please verify regulated LN2 pressure displayed on the PPC is within expected operating range.  If PPC pressure display is out of range; or no display is present; check facility LN2 inlet pressure or troubleshoot handler cold gas control subsystem fault as required.,SC1_Handler:TCS,0,0,Other,0,0,0,0,0,08:00:09 05-Feb-2022,08:00:39 05-Feb-2022,00:00:30,10363,25.0,Productive,Running,1,1,0,0,1004,NA,MTX-04,FSAUS
160,9001,WARNING9001-*Configuration Validation Rule Violation has occurred.,Machine:UI,0,0,Other,0,0,0,0,0,10:52:52 05-Feb-2022,10:53:02 05-Feb-2022,00:00:10,1004,-45.0,Productive,Running,1,1,0,0,1004,NA,MTX-04,FSAUS
161,4438,WARNING4438-Zone Right_Desoak_Shuttle is taking too long to reach setpoint.,SC1_Handler:TCS,0,0,Other,0,0,0,0,0,10:52:57 05-Feb-2022,10:54:09 05-Feb-2022,00:01:12,999,-45.0,Productive,Running,1,1,0,0,1004,NA,MTX-04,FSAUS
162,4316,WARNING4316-Right_TS_1B  has received a board failure notification.,SC1_Handler:TCS,0,0,Other,0,0,0,0,0,11:09:36 05-Feb-2022,11:09:38 05-Feb-2022,00:00:02,136,-45.0,Productive,Running,1,1,0,0,1004,NA,MTX-04,FSAUS
163,9001,WARNING9001-*Configuration Validation Rule Violation has occurred.,Machine:UI,0,0,Other,0,0,0,0,0,11:09:38 05-Feb-2022,11:09:42 05-Feb-2022,00:00:04,134,-45.0,Productive,Running,1,1,0,0,1004,NA,MTX-04,FSAUS
164,4316,WARNING4316-Right_TS_1B  has received a board failure notification.,SC1_Handler:TCS,0,0,Other,0,0,0,0,0,11:11:52 05-Feb-2022,11:11:55 05-Feb-2022,00:00:03,533,-45.0,Productive,Running,1,1,0,0,1004,NA,MTX-04,FSAUS
165,9001,WARNING9001-*Configuration Validation Rule Violation has occurred.,Machine:UI,0,0,Other,0,0,0,0,0,11:11:53 05-Feb-2022,11:11:58 05-Feb-2022,00:00:05,532,-45.0,Productive,Running,1,1,0,0,1004,NA,MTX-04,FSAUS
166,4316,WARNING4316-Right_TS_1B  has received a board failure notification.,SC1_Handler:TCS,0,0,Other,0,0,0,0,0,11:20:45 05-Feb-2022,11:20:48 05-Feb-2022,00:00:03,410,-45.0,Productive,Running,1,1,0,0,1004,NA,MTX-04,FSAUS
167,4319,WARNING4319-Right_TS_4B  has received a board failure notification.,SC1_Handler:TCS,0,0,Other,0,0,0,0,0,11:20:45 05-Feb-2022,11:20:46 05-Feb-2022,00:00:01,410,-45.0,Productive,Running,1,1,0,0,1004,NA,MTX-04,FSAUS
168,9001,WARNING9001-*Configuration Validation Rule Violation has occurred.,Machine:UI,0,0,Other,0,0,0,0,0,11:20:48 05-Feb-2022,11:20:50 05-Feb-2022,00:00:02,407,-45.0,Productive,Running,1,1,0,0,1004,NA,MTX-04,FSAUS
169,4316,WARNING4316-Right_TS_1B  has received a board failure notification.,SC1_Handler:TCS,0,0,Other,0,0,0,0,0,11:27:34 05-Feb-2022,11:27:38 05-Feb-2022,00:00:04,301,-45.0,Productive,Running,1,1,0,0,1004,NA,MTX-04,FSAUS
170,4326,WARNING4326-Right_TS_3C  reporting invalid temperature data.,SC1_Handler:TCS,0,0,Other,0,0,0,0,0,11:27:36 05-Feb-2022,11:27:37 05-Feb-2022,00:00:01,299,-45.0,Productive,Running,1,1,0,0,1004,NA,MTX-04,FSAUS
171,9001,WARNING9001-*Configuration Validation Rule Violation has occurred.,Machine:UI,0,0,Other,0,0,0,0,0,11:27:37 05-Feb-2022,11:27:40 05-Feb-2022,00:00:03,298,-45.0,Productive,Running,1,1,0,0,1004,NA,MTX-04,FSAUS
172,4316,WARNING4316-Right_TS_1B  has received a board failure notification.,SC1_Handler:TCS,0,0,Other,0,0,0,0,0,11:32:35 05-Feb-2022,11:32:39 05-Feb-2022,00:00:04,394,-45.0,Productive,Running,1,1,0,0,1004,NA,MTX-04,FSAUS
173,9001,WARNING9001-*Configuration Validation Rule Violation has occurred.,Machine:UI,0,0,Other,0,0,0,0,0,11:32:36 05-Feb-2022,11:32:43 05-Feb-2022,00:00:07,393,-45.0,Productive,Running,1,1,0,0,1004,NA,MTX-04,FSAUS
174,4309,WARNING4309-Right_TS_2A  reporting invalid temperature data.,SC1_Handler:TCS,0,0,Other,0,0,0,0,0,11:32:38 05-Feb-2022,11:32:39 05-Feb-2022,00:00:01,391,-45.0,Productive,Running,1,1,0,0,1004,NA,MTX-04,FSAUS
175,4316,WARNING4316-Right_TS_1B  has received a board failure notification.,SC1_Handler:TCS,0,0,Other,0,0,0,0,0,11:39:09 05-Feb-2022,11:39:13 05-Feb-2022,00:00:04,329,-45.0,Productive,Running,1,1,0,0,1004,NA,MTX-04,FSAUS
176,9001,WARNING9001-*Configuration Validation Rule Violation has occurred.,Machine:UI,0,Assist,Other,0,0,0,0,1,11:39:10 05-Feb-2022,12:09:15 05-Feb-2022,00:30:05,328,-45.0,Productive,Running,1,1,0,0,1004,5,MTX-04,FSAUS
181,6451,WARNING6451-Partial Input Tray Detected at Input TPS1; Please confirm and Clear; or Retry as required.,SC1_Handler:PnP_Input,0,Assist,Other,0,0,0,0,1,13:41:51 05-Feb-2022,13:44:34 05-Feb-2022,00:02:43,1442,-45.0,Productive,Running,1,1,0,0,1004,5,MTX-04,FSAUS
182,4409,WARNING4409-Zone Right_TS_2A is taking too long to reach setpoint.,SC1_Handler:TCS,0,0,Other,0,0,0,0,0,14:05:53 05-Feb-2022,14:07:38 05-Feb-2022,00:01:45,20940,-45.0,Productive,Running,1,1,0,0,1004,NA,MTX-04,FSAUS
183,4417,WARNING4417-Zone Right_TS_2B is taking too long to reach setpoint.,SC1_Handler:TCS,0,0,Other,0,0,0,0,0,14:06:11 05-Feb-2022,14:07:34 05-Feb-2022,00:01:23,20922,-45.0,Productive,Running,1,1,0,0,1004,NA,MTX-04,FSAUS
184,12902,WARNING12902-A device is being tested. Do you want to stop? 
 Yes - Stop immediately; test will fail. 
 No - Do not stop.  
 Cancel - Stop after test,SC1_Handler:Ts_Coord,0,0,Other,0,0,0,0,0,19:54:53 05-Feb-2022,19:56:40 05-Feb-2022,00:01:47,12594,-45.0,Productive,Running,1,1,0,0,1230,NA,MTX-04,FSAUS
185,6451,WARNING6451-Partial Input Tray Detected at Input TPS1; Please confirm and Clear; or Retry as required.,SC1_Handler:PnP_Input,0,Assist,Other,0,0,0,0,1,23:24:47 05-Feb-2022,23:24:51 05-Feb-2022,00:00:04,13243,-45.0,Productive,Running,1,1,0,0,1303,5,MTX-04,FSAUS
186,6451,WARNING6451-Partial Input Tray Detected at Input TPS1; Please confirm and Clear; or Retry as required.,SC1_Handler:PnP_Input,0,Assist,Other,0,0,0,0,1,03:05:30 06-Feb-2022,03:05:34 06-Feb-2022,00:00:04,79,130.0,Productive,Running,1,1,0,0,1314,5,MTX-04,FSAUS
187,12902,WARNING12902-A device is being tested. Do you want to stop? 
 Yes - Stop immediately; test will fail. 
 No - Do not stop.  
 Cancel - Stop after test,SC1_Handler:Ts_Coord,0,0,Other,0,0,0,0,0,03:06:49 06-Feb-2022,03:06:52 06-Feb-2022,00:00:03,2336,130.0,Productive,Running,1,1,0,0,1323,NA,MTX-04,FSAUS
188,11001,WARNING11001-Check disabled pockets on Left Input Shuttle; remove any parts found then hit clear.,SC1_Handler:PnP_Transfer,0,Assist,Other,0,0,0,0,1,03:45:45 06-Feb-2022,04:06:09 06-Feb-2022,00:20:24,209,130.0,Productive,Flushing,1,1,0,0,1328,5,MTX-04,FSAUS
189,13704,WARNING13704-Please open door and Unload Stack 5;7.,SC1_Handler:Tray_Coord,0,0,Other,0,0,0,0,0,03:49:13 06-Feb-2022,03:49:14 06-Feb-2022,00:00:01,5610,130.0,Productive,Running,1,1,0,0,1328,NA,MTX-04,FSAUS
190,6451,WARNING6451-Partial Input Tray Detected at Input TPS1; Please confirm and Clear; or Retry as required.,SC1_Handler:PnP_Input,0,Assist,Other,0,0,0,0,1,05:22:43 06-Feb-2022,05:25:22 06-Feb-2022,00:02:39,10853,130.0,Productive,Running,1,1,0,0,1328,5,MTX-04,FSAUS
191,6451,WARNING6451-Partial Input Tray Detected at Input TPS1; Please confirm and Clear; or Retry as required.,SC1_Handler:PnP_Input,0,Assist,Other,0,0,0,1,0,08:23:36 06-Feb-2022,08:24:07 06-Feb-2022,00:00:31,166,130.0,Productive,Running,1,1,0,0,1340,5,MTX-04,FSAUS
192,6451,WARNING6451-Partial Input Tray Detected at Input TPS1; Please confirm and Clear; or Retry as required.,SC1_Handler:PnP_Input,0,Assist,Other,0,0,0,0,1,08:26:22 06-Feb-2022,08:27:49 06-Feb-2022,00:01:27,232,130.0,Productive,Running,1,1,0,0,1340,5,MTX-04,FSAUS
193,12902,WARNING12902-A device is being tested. Do you want to stop? 
 Yes - Stop immediately; test will fail. 
 No - Do not stop.  
 Cancel - Stop after test,SC1_Handler:Ts_Coord,0,0,Other,0,0,0,0,0,08:30:14 06-Feb-2022,08:39:09 06-Feb-2022,00:08:55,1183,130.0,Productive,Running,1,1,0,0,1347,NA,MTX-04,FSAUS
194,6451,WARNING6451-Partial Input Tray Detected at Input TPS1; Please confirm and Clear; or Retry as required.,SC1_Handler:PnP_Input,0,Assist,Other,0,0,0,0,1,08:49:56 06-Feb-2022,08:50:03 06-Feb-2022,00:00:07,29722,130.0,Productive,Running,1,1,0,0,1349,5,MTX-04,FSAUS
195,6451,WARNING6451-Partial Input Tray Detected at Input TPS1; Please confirm and Clear; or Retry as required.,SC1_Handler:PnP_Input,0,Assist,Other,0,0,0,0,1,17:05:18 06-Feb-2022,17:09:57 06-Feb-2022,00:04:39,2030,130.0,Productive,Running,1,1,0,0,1639,5,MTX-04,FSAUS
196,9001,WARNING9001-*Configuration Validation Rule Violation has occurred.,Machine:UI,0,0,Other,0,0,0,0,0,17:39:08 06-Feb-2022,17:39:14 06-Feb-2022,00:00:06,3928,25.0,Productive,Running,1,1,0,0,1648,NA,MTX-04,FSAUS
197,6451,WARNING6451-Partial Input Tray Detected at Input TPS1; Please confirm and Clear; or Retry as required.,SC1_Handler:PnP_Input,0,Assist,Other,0,0,0,0,1,18:44:36 06-Feb-2022,18:46:01 06-Feb-2022,00:01:25,4086,25.0,Productive,Running,1,1,0,0,1648,5,MTX-04,FSAUS
198,4389,WARNING4389-Internal regulated LN2 pressure was reported by the PPC as out of range.  Please verify regulated LN2 pressure displayed on the PPC is within expected operating range.  If PPC pressure display is out of range; or no display is present; check facility LN2 inlet pressure or troubleshoot handler cold gas control subsystem fault as required.,SC1_Handler:TCS,0,0,Other,0,0,0,0,0,19:52:41 06-Feb-2022,19:52:46 06-Feb-2022,00:00:05,3332,25.0,Productive,Running,1,1,0,0,1690,NA,MTX-04,FSAUS
199,4389,WARNING4389-Internal regulated LN2 pressure was reported by the PPC as out of range.  Please verify regulated LN2 pressure displayed on the PPC is within expected operating range.  If PPC pressure display is out of range; or no display is present; check facility LN2 inlet pressure or troubleshoot handler cold gas control subsystem fault as required.,SC1_Handler:TCS,0,0,Other,0,0,0,0,0,20:48:12 06-Feb-2022,20:49:24 06-Feb-2022,00:01:12,3893,25.0,Productive,Running,1,1,0,0,1725,NA,MTX-04,FSAUS
200,4389,WARNING4389-Internal regulated LN2 pressure was reported by the PPC as out of range.  Please verify regulated LN2 pressure displayed on the PPC is within expected operating range.  If PPC pressure display is out of range; or no display is present; check facility LN2 inlet pressure or troubleshoot handler cold gas control subsystem fault as required.,SC1_Handler:TCS,0,0,Other,0,0,0,0,0,21:53:05 06-Feb-2022,21:53:15 06-Feb-2022,00:00:10,14565,25.0,Productive,Running,1,1,0,0,1767,NA,MTX-04,FSAUS
201,4389,WARNING4389-Internal regulated LN2 pressure was reported by the PPC as out of range.  Please verify regulated LN2 pressure displayed on the PPC is within expected operating range.  If PPC pressure display is out of range; or no display is present; check facility LN2 inlet pressure or troubleshoot handler cold gas control subsystem fault as required.,SC1_Handler:TCS,0,0,Other,0,0,0,0,0,00:02:17 07-Feb-2022,00:02:27 07-Feb-2022,00:00:10,6813,25.0,Productive,Running,1,1,0,0,1851,NA,MTX-04,FSAUS
202,4389,WARNING4389-Internal regulated LN2 pressure was reported by the PPC as out of range.  Please verify regulated LN2 pressure displayed on the PPC is within expected operating range.  If PPC pressure display is out of range; or no display is present; check facility LN2 inlet pressure or troubleshoot handler cold gas control subsystem fault as required.,SC1_Handler:TCS,0,0,Other,0,0,0,0,0,01:55:50 07-Feb-2022,01:56:01 07-Feb-2022,00:00:11,3444,25.0,Productive,Running,1,1,0,0,1923,NA,MTX-04,FSAUS
203,4389,WARNING4389-Internal regulated LN2 pressure was reported by the PPC as out of range.  Please verify regulated LN2 pressure displayed on the PPC is within expected operating range.  If PPC pressure display is out of range; or no display is present; check facility LN2 inlet pressure or troubleshoot handler cold gas control subsystem fault as required.,SC1_Handler:TCS,0,0,Other,0,0,0,0,0,02:53:14 07-Feb-2022,02:53:50 07-Feb-2022,00:00:36,243,25.0,Productive,Running,1,1,0,0,1947,NA,MTX-04,FSAUS
204,6451,WARNING6451-Partial Input Tray Detected at Input TPS1; Please confirm and Clear; or Retry as required.,SC1_Handler:PnP_Input,0,Assist,Other,0,0,0,0,1,02:57:17 07-Feb-2022,02:57:21 07-Feb-2022,00:00:04,9198,25.0,Productive,Running,1,1,0,0,1947,5,MTX-04,FSAUS
205,4389,WARNING4389-Internal regulated LN2 pressure was reported by the PPC as out of range.  Please verify regulated LN2 pressure displayed on the PPC is within expected operating range.  If PPC pressure display is out of range; or no display is present; check facility LN2 inlet pressure or troubleshoot handler cold gas control subsystem fault as required.,SC1_Handler:TCS,0,0,Other,0,0,0,0,0,05:30:34 07-Feb-2022,05:30:55 07-Feb-2022,00:00:21,3573,25.0,Productive,Running,1,1,0,0,1948,NA,MTX-04,FSAUS
206,4389,WARNING4389-Internal regulated LN2 pressure was reported by the PPC as out of range.  Please verify regulated LN2 pressure displayed on the PPC is within expected operating range.  If PPC pressure display is out of range; or no display is present; check facility LN2 inlet pressure or troubleshoot handler cold gas control subsystem fault as required.,SC1_Handler:TCS,0,0,Other,0,0,0,0,0,06:30:07 07-Feb-2022,06:30:22 07-Feb-2022,00:00:15,368,25.0,Productive,Running,1,1,0,0,1948,NA,MTX-04,FSAUS
207,4389,WARNING4389-Internal regulated LN2 pressure was reported by the PPC as out of range.  Please verify regulated LN2 pressure displayed on the PPC is within expected operating range.  If PPC pressure display is out of range; or no display is present; check facility LN2 inlet pressure or troubleshoot handler cold gas control subsystem fault as required.,SC1_Handler:TCS,0,0,Other,0,0,0,0,0,06:36:14 07-Feb-2022,06:36:30 07-Feb-2022,00:00:16,11605,25.0,Productive,Running,1,1,0,0,1948,NA,MTX-04,FSAUS
208,4389,WARNING4389-Internal regulated LN2 pressure was reported by the PPC as out of range.  Please verify regulated LN2 pressure displayed on the PPC is within expected operating range.  If PPC pressure display is out of range; or no display is present; check facility LN2 inlet pressure or troubleshoot handler cold gas control subsystem fault as required.,SC1_Handler:TCS,0,0,Other,0,0,0,0,0,09:49:39 07-Feb-2022,09:49:44 07-Feb-2022,00:00:05,881,25.0,Productive,Running,1,1,0,0,1948,NA,MTX-04,FSAUS
209,4389,WARNING4389-Internal regulated LN2 pressure was reported by the PPC as out of range.  Please verify regulated LN2 pressure displayed on the PPC is within expected operating range.  If PPC pressure display is out of range; or no display is present; check facility LN2 inlet pressure or troubleshoot handler cold gas control subsystem fault as required.,SC1_Handler:TCS,0,0,Other,0,0,0,0,0,10:04:20 07-Feb-2022,10:04:30 07-Feb-2022,00:00:10,18160,25.0,Productive,Running,1,1,0,0,1948,NA,MTX-04,FSAUS
210,4389,WARNING4389-Internal regulated LN2 pressure was reported by the PPC as out of range.  Please verify regulated LN2 pressure displayed on the PPC is within expected operating range.  If PPC pressure display is out of range; or no display is present; check facility LN2 inlet pressure or troubleshoot handler cold gas control subsystem fault as required.,SC1_Handler:TCS,0,0,Other,0,0,0,0,0,15:07:00 07-Feb-2022,15:07:11 07-Feb-2022,00:00:11,7856,25.0,Productive,Running,1,1,0,0,1948,NA,MTX-04,FSAUS
211,4389,WARNING4389-Internal regulated LN2 pressure was reported by the PPC as out of range.  Please verify regulated LN2 pressure displayed on the PPC is within expected operating range.  If PPC pressure display is out of range; or no display is present; check facility LN2 inlet pressure or troubleshoot handler cold gas control subsystem fault as required.,SC1_Handler:TCS,0,0,Other,0,0,0,0,0,17:17:56 07-Feb-2022,17:18:06 07-Feb-2022,00:00:10,736,25.0,Productive,Running,1,1,0,0,1948,NA,MTX-04,FSAUS
212,4389,WARNING4389-Internal regulated LN2 pressure was reported by the PPC as out of range.  Please verify regulated LN2 pressure displayed on the PPC is within expected operating range.  If PPC pressure display is out of range; or no display is present; check facility LN2 inlet pressure or troubleshoot handler cold gas control subsystem fault as required.,SC1_Handler:TCS,0,0,Other,0,0,0,0,0,17:30:12 07-Feb-2022,17:30:17 07-Feb-2022,00:00:05,30488,25.0,Productive,Running,1,1,0,0,1948,NA,MTX-04,FSAUS
213,9001,WARNING9001-*Configuration Validation Rule Violation has occurred.,Machine:UI,0,0,Other,0,0,0,0,0,20:34:45 07-Feb-2022,20:34:46 07-Feb-2022,00:00:01,19415,50.0,Standby,Running,1,1,0,0,1948,NA,MTX-04,FSAUS
217,4308,WARNING4308-Right_TS_1A  experiencing invalid RTD data read.,SC1_Handler:TCS,0,Assist,Other,0,0,0,1,0,09:47:14 08-Feb-2022,09:49:32 08-Feb-2022,00:02:18,71,50.0,Standby,Diag_Recovery,1,1,0,0,2116,5,MTX-04,FSAUS
218,4400,WARNING4400-Zone Input_Chamber is taking too long to reach setpoint.,SC1_Handler:TCS,0,0,Other,0,0,0,0,0,09:47:21 08-Feb-2022,09:48:21 08-Feb-2022,00:01:00,64,50.0,Standby,Diag_Recovery,1,1,0,0,2116,NA,MTX-04,FSAUS
219,4401,WARNING4401-Zone Transfer_Chamber is taking too long to reach setpoint.,SC1_Handler:TCS,0,0,Other,0,0,0,0,0,09:47:22 08-Feb-2022,09:48:22 08-Feb-2022,00:01:00,63,50.0,Standby,Diag_Recovery,1,1,0,0,2116,NA,MTX-04,FSAUS
220,4403,WARNING4403-Zone Right_Input_Shuttle is taking too long to reach setpoint.,SC1_Handler:TCS,0,0,Other,0,0,0,0,0,09:47:22 08-Feb-2022,09:48:32 08-Feb-2022,00:01:10,63,50.0,Standby,Diag_Recovery,1,1,0,0,2116,NA,MTX-04,FSAUS
221,4404,WARNING4404-Zone Left_TS_1A is taking too long to reach setpoint.,SC1_Handler:TCS,0,0,Other,0,0,0,0,0,09:47:23 08-Feb-2022,09:48:26 08-Feb-2022,00:01:03,62,50.0,Standby,Diag_Recovery,1,1,0,0,2116,NA,MTX-04,FSAUS
222,4405,WARNING4405-Zone Left_TS_2A is taking too long to reach setpoint.,SC1_Handler:TCS,0,0,Other,0,0,0,0,0,09:47:27 08-Feb-2022,09:48:21 08-Feb-2022,00:00:54,58,50.0,Standby,Diag_Recovery,1,1,0,0,2116,NA,MTX-04,FSAUS
223,4406,WARNING4406-Zone Left_TS_3A is taking too long to reach setpoint.,SC1_Handler:TCS,0,0,Other,0,0,0,0,0,09:47:27 08-Feb-2022,09:48:32 08-Feb-2022,00:01:05,58,50.0,Standby,Diag_Recovery,1,1,0,0,2116,NA,MTX-04,FSAUS
224,4407,WARNING4407-Zone Left_TS_4A is taking too long to reach setpoint.,SC1_Handler:TCS,0,0,Other,0,0,0,0,0,09:47:27 08-Feb-2022,09:48:26 08-Feb-2022,00:00:59,58,50.0,Standby,Diag_Recovery,1,1,0,0,2116,NA,MTX-04,FSAUS
225,4409,WARNING4409-Zone Right_TS_2A is taking too long to reach setpoint.,SC1_Handler:TCS,0,0,Other,0,0,0,0,0,09:47:28 08-Feb-2022,09:48:28 08-Feb-2022,00:01:00,57,50.0,Standby,Diag_Recovery,1,1,0,0,2116,NA,MTX-04,FSAUS
226,4410,WARNING4410-Zone Right_TS_3A is taking too long to reach setpoint.,SC1_Handler:TCS,0,0,Other,0,0,0,0,0,09:47:45 08-Feb-2022,09:48:24 08-Feb-2022,00:00:39,40,25.0,Standby,Diag_Recovery,1,1,0,0,2116,NA,MTX-04,FSAUS
227,4411,WARNING4411-Zone Right_TS_4A is taking too long to reach setpoint.,SC1_Handler:TCS,0,0,Other,0,0,0,0,0,09:47:46 08-Feb-2022,09:48:28 08-Feb-2022,00:00:42,39,25.0,Standby,Diag_Recovery,1,1,0,0,2116,NA,MTX-04,FSAUS
228,4412,WARNING4412-Zone Left_TS_1B is taking too long to reach setpoint.,SC1_Handler:TCS,0,0,Other,0,0,0,0,0,09:47:47 08-Feb-2022,09:48:21 08-Feb-2022,00:00:34,38,25.0,Standby,Diag_Recovery,1,1,0,0,2116,NA,MTX-04,FSAUS
229,4413,WARNING4413-Zone Left_TS_2B is taking too long to reach setpoint.,SC1_Handler:TCS,0,0,Other,0,0,0,0,0,09:47:54 08-Feb-2022,09:48:27 08-Feb-2022,00:00:33,31,50.0,Standby,Diag_Recovery,1,1,0,0,2116,NA,MTX-04,FSAUS
230,4414,WARNING4414-Zone Left_TS_3B is taking too long to reach setpoint.,SC1_Handler:TCS,0,0,Other,0,0,0,0,0,09:47:54 08-Feb-2022,09:48:23 08-Feb-2022,00:00:29,31,50.0,Standby,Diag_Recovery,1,1,0,0,2116,NA,MTX-04,FSAUS
231,4415,WARNING4415-Zone Left_TS_4B is taking too long to reach setpoint.,SC1_Handler:TCS,0,0,Other,0,0,0,0,0,09:47:57 08-Feb-2022,09:48:27 08-Feb-2022,00:00:30,28,50.0,Standby,Diag_Recovery,1,1,0,0,2116,NA,MTX-04,FSAUS
232,4416,WARNING4416-Zone Right_TS_1B is taking too long to reach setpoint.,SC1_Handler:TCS,0,0,Other,0,0,0,0,0,09:47:58 08-Feb-2022,09:48:21 08-Feb-2022,00:00:23,27,50.0,Standby,Diag_Recovery,1,1,0,0,2116,NA,MTX-04,FSAUS
233,4417,WARNING4417-Zone Right_TS_2B is taking too long to reach setpoint.,SC1_Handler:TCS,0,0,Other,0,0,0,0,0,09:47:59 08-Feb-2022,09:48:23 08-Feb-2022,00:00:24,26,50.0,Standby,Diag_Recovery,1,1,0,0,2116,NA,MTX-04,FSAUS
234,4418,WARNING4418-Zone Right_TS_3B is taking too long to reach setpoint.,SC1_Handler:TCS,0,0,Other,0,0,0,0,0,09:48:04 08-Feb-2022,09:48:27 08-Feb-2022,00:00:23,21,50.0,Standby,Diag_Recovery,1,1,0,0,2116,NA,MTX-04,FSAUS
235,4419,WARNING4419-Zone Right_TS_4B is taking too long to reach setpoint.,SC1_Handler:TCS,0,0,Other,0,0,0,0,0,09:48:06 08-Feb-2022,09:48:28 08-Feb-2022,00:00:22,19,50.0,Standby,Diag_Recovery,1,1,0,0,2116,NA,MTX-04,FSAUS
236,4420,WARNING4420-Zone Left_TS_1C is taking too long to reach setpoint.,SC1_Handler:TCS,0,0,Other,0,0,0,0,0,09:48:09 08-Feb-2022,09:48:28 08-Feb-2022,00:00:19,16,50.0,Standby,Diag_Recovery,1,1,0,0,2116,NA,MTX-04,FSAUS
237,4421,WARNING4421-Zone Left_TS_2C is taking too long to reach setpoint.,SC1_Handler:TCS,0,0,Other,0,0,0,0,0,09:48:09 08-Feb-2022,09:48:31 08-Feb-2022,00:00:22,16,50.0,Standby,Diag_Recovery,1,1,0,0,2116,NA,MTX-04,FSAUS
238,4422,WARNING4422-Zone Left_TS_3C is taking too long to reach setpoint.,SC1_Handler:TCS,0,0,Other,0,0,0,0,0,09:48:09 08-Feb-2022,09:48:33 08-Feb-2022,00:00:24,16,50.0,Standby,Diag_Recovery,1,1,0,0,2116,NA,MTX-04,FSAUS
239,4423,WARNING4423-Zone Left_TS_4C is taking too long to reach setpoint.,SC1_Handler:TCS,0,0,Other,0,0,0,0,0,09:48:15 08-Feb-2022,09:48:31 08-Feb-2022,00:00:16,10,50.0,Standby,Diag_Recovery,1,1,0,0,2116,NA,MTX-04,FSAUS
240,4424,WARNING4424-Zone Right_TS_1C is taking too long to reach setpoint.,SC1_Handler:TCS,0,0,Other,0,0,0,0,0,09:48:15 08-Feb-2022,09:48:24 08-Feb-2022,00:00:09,10,50.0,Standby,Diag_Recovery,1,1,0,0,2116,NA,MTX-04,FSAUS
241,4425,WARNING4425-Zone Right_TS_2C is taking too long to reach setpoint.,SC1_Handler:TCS,0,0,Other,0,0,0,0,0,09:48:16 08-Feb-2022,09:48:25 08-Feb-2022,00:00:09,9,50.0,Standby,Diag_Recovery,1,1,0,0,2116,NA,MTX-04,FSAUS
242,4426,WARNING4426-Zone Right_TS_3C is taking too long to reach setpoint.,SC1_Handler:TCS,0,0,Other,0,0,0,0,0,09:48:16 08-Feb-2022,09:48:31 08-Feb-2022,00:00:15,9,50.0,Standby,Diag_Recovery,1,1,0,0,2116,NA,MTX-04,FSAUS
243,4427,WARNING4427-Zone Right_TS_4C is taking too long to reach setpoint.,SC1_Handler:TCS,0,0,Other,0,0,0,0,0,09:48:16 08-Feb-2022,09:48:22 08-Feb-2022,00:00:06,9,50.0,Standby,Diag_Recovery,1,1,0,0,2116,NA,MTX-04,FSAUS
244,4428,WARNING4428-Zone Left_TS_1D is taking too long to reach setpoint.,SC1_Handler:TCS,0,0,Other,0,0,0,0,0,09:48:16 08-Feb-2022,09:48:32 08-Feb-2022,00:00:16,9,50.0,Standby,Diag_Recovery,1,1,0,0,2116,NA,MTX-04,FSAUS
245,4429,WARNING4429-Zone Left_TS_2D is taking too long to reach setpoint.,SC1_Handler:TCS,0,0,Other,0,0,0,0,0,09:48:17 08-Feb-2022,09:48:32 08-Feb-2022,00:00:15,8,50.0,Standby,Diag_Recovery,1,1,0,0,2116,NA,MTX-04,FSAUS
246,4430,WARNING4430-Zone Left_TS_3D is taking too long to reach setpoint.,SC1_Handler:TCS,0,0,Other,0,0,0,0,0,09:48:17 08-Feb-2022,09:48:31 08-Feb-2022,00:00:14,8,50.0,Standby,Diag_Recovery,1,1,0,0,2116,NA,MTX-04,FSAUS
247,4431,WARNING4431-Zone Left_TS_4D is taking too long to reach setpoint.,SC1_Handler:TCS,0,0,Other,0,0,0,0,0,09:48:18 08-Feb-2022,09:48:36 08-Feb-2022,00:00:18,7,50.0,Standby,Diag_Recovery,1,1,0,0,2116,NA,MTX-04,FSAUS
248,4432,WARNING4432-Zone Right_TS_1D is taking too long to reach setpoint.,SC1_Handler:TCS,0,0,Other,0,0,0,0,0,09:48:19 08-Feb-2022,09:48:26 08-Feb-2022,00:00:07,6,50.0,Standby,Diag_Recovery,1,1,0,0,2116,NA,MTX-04,FSAUS
249,4433,WARNING4433-Zone Right_TS_2D is taking too long to reach setpoint.,SC1_Handler:TCS,0,0,Other,0,0,0,0,0,09:48:20 08-Feb-2022,09:48:27 08-Feb-2022,00:00:07,5,50.0,Standby,Diag_Recovery,1,1,0,0,2116,NA,MTX-04,FSAUS
250,4434,WARNING4434-Zone Right_TS_3D is taking too long to reach setpoint.,SC1_Handler:TCS,0,0,Other,0,0,0,0,0,09:48:20 08-Feb-2022,09:48:36 08-Feb-2022,00:00:16,5,50.0,Standby,Diag_Recovery,1,1,0,0,2116,NA,MTX-04,FSAUS
251,4435,WARNING4435-Zone Right_TS_4D is taking too long to reach setpoint.,SC1_Handler:TCS,0,0,Other,0,0,0,0,0,09:48:20 08-Feb-2022,09:48:24 08-Feb-2022,00:00:04,5,50.0,Standby,Diag_Recovery,1,1,0,0,2116,NA,MTX-04,FSAUS
252,9876,WARNING9876-Recipe Load of Test Type found 4 Items not loaded since not found in Validation C Total validation errors; go to Recipe detail to view,Machine:Test,0,Assist,Other,0,0,0,0,1,09:48:25 08-Feb-2022,09:48:37 08-Feb-2022,00:00:12,0,50.0,Standby,Diag_Recovery,1,1,0,0,2116,5,MTX-04,FSAUS
254,9001,WARNING9001-*Configuration Validation Rule Violation has occurred.,Machine:UI,0,0,Other,0,0,0,0,0,12:42:17 08-Feb-2022,12:42:25 08-Feb-2022,00:00:08,925,25.0,Standby,Running,1,1,0,0,2116,NA,MTX-04,FSAUS
255,6451,WARNING6451-Partial Input Tray Detected at Input TPS1; Please confirm and Clear; or Retry as required.,SC1_Handler:PnP_Input,0,Assist,Other,0,0,0,0,1,12:57:39 08-Feb-2022,12:57:46 08-Feb-2022,00:00:07,3,25.0,Standby,Running,1,1,0,0,2116,5,MTX-04,FSAUS
256,12902,WARNING12902-A device is being tested. Do you want to stop? 
 Yes - Stop immediately; test will fail. 
 No - Do not stop.  
 Cancel - Stop after test,SC1_Handler:Ts_Coord,0,0,Reboot,0,1,0,0,0,13:05:11 08-Feb-2022,20:25:37 10-Feb-2022,55:20:26,232,25.0,Alarm,Running,1,1,0,0,2300,NA,MTX-04,FSAUS
257,10001,WARNING10001-Left Testsite Access Door was detected to be open without first requesting it to be unlocked.  Must re-init to recover.  Please check all door locks and make sure they do not report open when they are pulled on while locked.,SC1_Handler,0,Failure,Other,0,0,0,0,0,13:09:03 08-Feb-2022,13:11:21 08-Feb-2022,00:02:18,130,25.0,Unknown,Running,1,1,0,0,2453,5,MTX-04,FSAUS
258,4389,WARNING4389-Internal regulated LN2 pressure was reported by the PPC as out of range.  Please verify regulated LN2 pressure displayed on the PPC is within expected operating range.  If PPC pressure display is out of range; or no display is present; check facility LN2 inlet pressure or troubleshoot handler cold gas control subsystem fault as required.,SC1_Handler:TCS,0,0,Other,0,0,0,0,0,14:14:46 08-Feb-2022,14:14:51 08-Feb-2022,00:00:05,9586,25.0,Unknown,Running,1,1,0,0,2453,NA,MTX-04,FSAUS
259,4389,WARNING4389-Internal regulated LN2 pressure was reported by the PPC as out of range.  Please verify regulated LN2 pressure displayed on the PPC is within expected operating range.  If PPC pressure display is out of range; or no display is present; check facility LN2 inlet pressure or troubleshoot handler cold gas control subsystem fault as required.,SC1_Handler:TCS,0,0,Other,0,0,0,0,0,16:54:32 08-Feb-2022,16:54:42 08-Feb-2022,00:00:10,55013,25.0,Unknown,Running,1,1,0,0,2453,NA,MTX-04,FSAUS
260,9001,WARNING9001-*Configuration Validation Rule Violation has occurred.,Machine:UI,0,0,Other,0,0,0,0,0,07:03:55 09-Feb-2022,07:04:03 09-Feb-2022,00:00:08,4050,-45.0,Unknown,Running,1,1,0,0,2453,NA,MTX-04,FSAUS
261,4389,WARNING4389-Internal regulated LN2 pressure was reported by the PPC as out of range.  Please verify regulated LN2 pressure displayed on the PPC is within expected operating range.  If PPC pressure display is out of range; or no display is present; check facility LN2 inlet pressure or troubleshoot handler cold gas control subsystem fault as required.,SC1_Handler:TCS,0,0,Other,0,0,0,0,0,07:03:56 09-Feb-2022,07:04:01 09-Feb-2022,00:00:05,4049,-45.0,Unknown,Running,1,1,0,0,2453,NA,MTX-04,FSAUS
262,4427,WARNING4427-Zone Right_TS_4C is taking too long to reach setpoint.,SC1_Handler:TCS,0,0,Other,0,0,0,0,0,07:04:05 09-Feb-2022,07:14:06 09-Feb-2022,00:10:01,4040,-45.0,Unknown,Running,1,1,0,0,2453,NA,MTX-04,FSAUS
263,4434,WARNING4434-Zone Right_TS_3D is taking too long to reach setpoint.,SC1_Handler:TCS,0,0,Other,0,0,0,0,0,07:04:06 09-Feb-2022,07:14:05 09-Feb-2022,00:09:59,4039,-45.0,Unknown,Running,1,1,0,0,2453,NA,MTX-04,FSAUS
264,4432,WARNING4432-Zone Right_TS_1D is taking too long to reach setpoint.,SC1_Handler:TCS,0,0,Other,0,0,0,0,0,07:04:07 09-Feb-2022,07:14:06 09-Feb-2022,00:09:59,4038,-45.0,Unknown,Running,1,1,0,0,2453,NA,MTX-04,FSAUS
265,4418,WARNING4418-Zone Right_TS_3B is taking too long to reach setpoint.,SC1_Handler:TCS,0,0,Other,0,0,0,0,0,07:04:12 09-Feb-2022,07:14:11 09-Feb-2022,00:09:59,4033,-45.0,Unknown,Running,1,1,0,0,2453,NA,MTX-04,FSAUS
266,4424,WARNING4424-Zone Right_TS_1C is taking too long to reach setpoint.,SC1_Handler:TCS,0,0,Other,0,0,0,0,0,07:04:12 09-Feb-2022,07:14:07 09-Feb-2022,00:09:55,4033,-45.0,Unknown,Running,1,1,0,0,2453,NA,MTX-04,FSAUS
267,4426,WARNING4426-Zone Right_TS_3C is taking too long to reach setpoint.,SC1_Handler:TCS,0,0,Other,0,0,0,0,0,07:04:13 09-Feb-2022,07:14:06 09-Feb-2022,00:09:53,4032,-45.0,Unknown,Running,1,1,0,0,2453,NA,MTX-04,FSAUS
268,4403,WARNING4403-Zone Right_Input_Shuttle is taking too long to reach setpoint.,SC1_Handler:TCS,0,0,Other,0,0,0,0,0,07:04:14 09-Feb-2022,07:14:11 09-Feb-2022,00:09:57,4031,-45.0,Unknown,Running,1,1,0,0,2453,NA,MTX-04,FSAUS
269,4332,WARNING4332-Right_TS_1D  has received a board failure notification.,SC1_Handler:TCS,0,0,Other,0,0,0,0,0,07:45:07 09-Feb-2022,07:45:15 09-Feb-2022,00:00:08,1578,-45.0,Unknown,Initializing,1,1,0,0,2453,NA,MTX-04,FSAUS
270,4319,WARNING4319-Right_TS_4B  reporting invalid temperature data.,SC1_Handler:TCS,0,0,Other,0,0,0,0,0,07:45:12 09-Feb-2022,07:45:13 09-Feb-2022,00:00:01,1573,-45.0,Unknown,Initializing,1,1,0,0,2453,NA,MTX-04,FSAUS
271,9001,WARNING9001-*Configuration Validation Rule Violation has occurred.,Machine:UI,0,0,Other,0,0,0,0,0,07:45:14 09-Feb-2022,08:23:24 09-Feb-2022,00:38:10,1571,-45.0,Unknown,Initializing,1,1,0,0,2453,NA,MTX-04,FSAUS
272,4317,WARNING4317-Right_TS_2B  reporting invalid temperature data.,SC1_Handler:TCS,0,0,Other,0,0,0,0,0,07:53:18 09-Feb-2022,07:53:24 09-Feb-2022,00:00:06,1087,-45.0,Unknown,Initializing,1,1,0,0,2453,NA,MTX-04,FSAUS
273,4324,WARNING4324-Right_TS_1C  has received a board failure notification.,SC1_Handler:TCS,0,0,Other,0,0,0,0,0,07:53:19 09-Feb-2022,07:53:24 09-Feb-2022,00:00:05,1086,-45.0,Unknown,Initializing,1,1,0,0,2453,NA,MTX-04,FSAUS
274,4319,WARNING4319-Right_TS_4B  experiencing invalid RTD data read.,SC1_Handler:TCS,0,0,Other,0,0,0,0,0,07:53:19 09-Feb-2022,07:53:20 09-Feb-2022,00:00:01,1086,-45.0,Unknown,Initializing,1,1,0,0,2453,NA,MTX-04,FSAUS
275,4325,WARNING4325-Right_TS_2C  reporting invalid temperature data.,SC1_Handler:TCS,0,0,Other,0,0,0,0,0,07:53:23 09-Feb-2022,07:53:24 09-Feb-2022,00:00:01,1082,-45.0,Unknown,Initializing,1,1,0,0,2453,NA,MTX-04,FSAUS
276,4332,WARNING4332-Right_TS_1D  has received a board failure notification.,SC1_Handler:TCS,0,0,Other,0,0,0,0,0,07:53:23 09-Feb-2022,07:53:25 09-Feb-2022,00:00:02,1082,-45.0,Unknown,Initializing,1,1,0,0,2453,NA,MTX-04,FSAUS
277,4419,WARNING4419-Zone Right_TS_4B is taking too long to reach setpoint.,SC1_Handler:TCS,0,0,Other,0,0,0,0,0,08:03:19 09-Feb-2022,08:03:29 09-Feb-2022,00:00:10,486,-45.0,Unknown,Initializing,1,1,0,0,2453,NA,MTX-04,FSAUS
278,4389,WARNING4389-Internal regulated LN2 pressure was reported by the PPC as out of range.  Please verify regulated LN2 pressure displayed on the PPC is within expected operating range.  If PPC pressure display is out of range; or no display is present; check facility LN2 inlet pressure or troubleshoot handler cold gas control subsystem fault as required.,SC1_Handler:TCS,0,0,Other,0,0,0,0,0,08:14:01 09-Feb-2022,08:15:33 09-Feb-2022,00:01:32,419,-45.0,Unknown,Initializing,1,1,0,0,2453,NA,MTX-04,FSAUS
279,9001,WARNING9001-*Configuration Validation Rule Violation has occurred.,Machine:UI,0,0,Other,0,0,0,0,0,08:33:05 09-Feb-2022,08:34:30 09-Feb-2022,00:01:25,2891,25.0,Unknown,Initializing,1,1,0,0,2453,NA,MTX-04,FSAUS
280,4324,WARNING4324-Right_TS_1C  has received a board failure notification.,SC1_Handler:TCS,0,0,Other,0,0,0,0,0,08:47:09 09-Feb-2022,08:47:15 09-Feb-2022,00:00:06,2047,-45.0,Unknown,Initializing,1,1,0,0,2453,NA,MTX-04,FSAUS
281,4326,WARNING4326-Right_TS_3C  has received a board failure notification.,SC1_Handler:TCS,0,0,Other,0,0,0,0,0,08:47:10 09-Feb-2022,08:47:16 09-Feb-2022,00:00:06,2046,-45.0,Unknown,Initializing,1,1,0,0,2453,NA,MTX-04,FSAUS
282,4325,WARNING4325-Right_TS_2C  experiencing invalid RTD data read.,SC1_Handler:TCS,0,0,Other,0,0,0,0,0,08:47:10 09-Feb-2022,08:47:15 09-Feb-2022,00:00:05,2046,-45.0,Unknown,Initializing,1,1,0,0,2453,NA,MTX-04,FSAUS
283,4334,WARNING4334-Right_TS_3D  has received a board failure notification.,SC1_Handler:TCS,0,0,Other,0,0,0,0,0,08:47:11 09-Feb-2022,08:47:12 09-Feb-2022,00:00:01,2045,-45.0,Unknown,Initializing,1,1,0,0,2453,NA,MTX-04,FSAUS
284,4332,WARNING4332-Right_TS_1D  has received a board failure notification.,SC1_Handler:TCS,0,0,Other,0,0,0,0,0,08:47:12 09-Feb-2022,08:47:16 09-Feb-2022,00:00:04,2044,-45.0,Unknown,Initializing,1,1,0,0,2453,NA,MTX-04,FSAUS
285,4310,WARNING4310-Right_TS_3A  experiencing invalid RTD data read.,SC1_Handler:TCS,0,0,Other,0,0,0,0,0,08:47:13 09-Feb-2022,08:47:14 09-Feb-2022,00:00:01,2043,-45.0,Unknown,Initializing,1,1,0,0,2453,NA,MTX-04,FSAUS
286,4309,WARNING4309-Right_TS_2A  reporting invalid temperature data.,SC1_Handler:TCS,0,0,Other,0,0,0,0,0,08:47:13 09-Feb-2022,08:47:20 09-Feb-2022,00:00:07,2043,-45.0,Unknown,Initializing,1,1,0,0,2453,NA,MTX-04,FSAUS
287,4316,WARNING4316-Right_TS_1B  reporting invalid temperature data.,SC1_Handler:TCS,0,0,Other,0,0,0,0,0,08:47:14 09-Feb-2022,08:47:20 09-Feb-2022,00:00:06,2042,-45.0,Unknown,Initializing,1,1,0,0,2453,NA,MTX-04,FSAUS
288,9001,WARNING9001-*Configuration Validation Rule Violation has occurred.,Machine:UI,0,0,Other,0,0,0,0,0,08:47:20 09-Feb-2022,09:08:29 09-Feb-2022,00:21:09,2036,-45.0,Unknown,Initializing,1,1,0,0,2453,NA,MTX-04,FSAUS
289,4314,WARNING4314-Left_TS_3B  experiencing invalid RTD data read.,SC1_Handler:TCS,0,0,Other,0,0,0,0,0,08:51:32 09-Feb-2022,08:51:36 09-Feb-2022,00:00:04,1784,-45.0,Unknown,Initializing,1,1,0,0,2453,NA,MTX-04,FSAUS
290,4321,WARNING4321-Left_TS_2C  experiencing invalid RTD data read.,SC1_Handler:TCS,0,0,Other,0,0,0,0,0,08:51:33 09-Feb-2022,08:51:35 09-Feb-2022,00:00:02,1783,-45.0,Unknown,Initializing,1,1,0,0,2453,NA,MTX-04,FSAUS
291,4315,WARNING4315-Left_TS_4B  experiencing invalid RTD data read.,SC1_Handler:TCS,0,0,Other,0,0,0,0,0,08:51:33 09-Feb-2022,08:51:37 09-Feb-2022,00:00:04,1783,-45.0,Unknown,Initializing,1,1,0,0,2453,NA,MTX-04,FSAUS
292,4322,WARNING4322-Left_TS_3C  experiencing invalid RTD data read.,SC1_Handler:TCS,0,0,Other,0,0,0,0,0,08:51:34 09-Feb-2022,08:51:34 09-Feb-2022,00:00:00,1782,-45.0,Unknown,Initializing,1,1,0,0,2453,NA,MTX-04,FSAUS
293,4409,WARNING4409-Zone Right_TS_2A is taking too long to reach setpoint.,SC1_Handler:TCS,0,0,Other,0,0,0,0,0,08:58:11 09-Feb-2022,08:58:23 09-Feb-2022,00:00:12,1385,-45.0,Unknown,Initializing,1,1,0,0,2453,NA,MTX-04,FSAUS
294,4416,WARNING4416-Zone Right_TS_1B is taking too long to reach setpoint.,SC1_Handler:TCS,0,0,Other,0,0,0,0,0,08:58:33 09-Feb-2022,09:00:25 09-Feb-2022,00:01:52,1363,-45.0,Unknown,Initializing,1,1,0,0,2453,NA,MTX-04,FSAUS
295,4432,WARNING4432-Zone Right_TS_1D is taking too long to reach setpoint.,SC1_Handler:TCS,0,0,Other,0,0,0,0,0,09:02:49 09-Feb-2022,09:07:12 09-Feb-2022,00:04:23,1107,-45.0,Unknown,Initializing,1,1,0,0,2453,NA,MTX-04,FSAUS
296,4424,WARNING4424-Zone Right_TS_1C is taking too long to reach setpoint.,SC1_Handler:TCS,0,0,Other,0,0,0,0,0,09:03:27 09-Feb-2022,09:07:12 09-Feb-2022,00:03:45,1069,-45.0,Unknown,Initializing,1,1,0,0,2453,NA,MTX-04,FSAUS
297,4425,WARNING4425-Zone Right_TS_2C is taking too long to reach setpoint.,SC1_Handler:TCS,0,0,Other,0,0,0,0,0,09:05:50 09-Feb-2022,09:07:12 09-Feb-2022,00:01:22,926,-45.0,Unknown,Initializing,1,1,0,0,2453,NA,MTX-04,FSAUS
298,4414,WARNING4414-Zone Left_TS_3B is taking too long to reach setpoint.,SC1_Handler:TCS,0,0,Other,0,0,0,0,0,09:08:26 09-Feb-2022,09:08:29 09-Feb-2022,00:00:03,770,-45.0,Unknown,Initializing,1,1,0,0,2453,NA,MTX-04,FSAUS
299,4437,WARNING4437-Zone Left_Desoak_Shuttle is taking too long to reach setpoint.,SC1_Handler:TCS,0,0,Other,0,0,0,0,0,09:08:26 09-Feb-2022,09:08:29 09-Feb-2022,00:00:03,770,-45.0,Unknown,Initializing,1,1,0,0,2453,NA,MTX-04,FSAUS
300,4331,WARNING4331-Left_TS_4D  has invalid configuration data.,SC1_Handler:TCS,0,0,Other,0,0,0,0,0,09:10:03 09-Feb-2022,09:10:03 09-Feb-2022,00:00:00,673,-45.0,Unknown,Initializing,1,1,0,0,2453,NA,MTX-04,FSAUS
301,9001,WARNING9001-*Configuration Validation Rule Violation has occurred.,Machine:UI,0,0,Other,0,0,0,0,0,09:10:04 09-Feb-2022,09:10:13 09-Feb-2022,00:00:09,672,-45.0,Unknown,Initializing,1,1,0,0,2453,NA,MTX-04,FSAUS
302,4327,WARNING4327-Right_TS_4C  experiencing invalid RTD data read.,SC1_Handler:TCS,0,0,Other,0,0,0,0,0,09:16:12 09-Feb-2022,09:16:21 09-Feb-2022,00:00:09,304,-45.0,Unknown,Initializing,1,1,0,0,2453,NA,MTX-04,FSAUS
303,9001,WARNING9001-*Configuration Validation Rule Violation has occurred.,Machine:UI,0,0,Other,0,0,0,0,0,09:16:14 09-Feb-2022,09:27:45 09-Feb-2022,00:11:31,302,-45.0,Unknown,Initializing,1,1,0,0,2453,NA,MTX-04,FSAUS
304,4324,WARNING4324-Right_TS_1C  experiencing invalid RTD data read.,SC1_Handler:TCS,0,0,Other,0,0,0,0,0,09:16:32 09-Feb-2022,09:24:09 09-Feb-2022,00:07:37,284,-45.0,Unknown,Initializing,1,1,0,0,2453,NA,MTX-04,FSAUS
305,4316,WARNING4316-Right_TS_1B  experiencing invalid RTD data read.,SC1_Handler:TCS,0,0,Other,0,0,0,0,0,09:16:35 09-Feb-2022,09:24:09 09-Feb-2022,00:07:34,281,-45.0,Unknown,Initializing,1,1,0,0,2453,NA,MTX-04,FSAUS
306,4425,WARNING4425-Zone Right_TS_2C is taking too long to reach setpoint.,SC1_Handler:TCS,0,0,Other,0,0,0,0,0,09:17:21 09-Feb-2022,09:17:44 09-Feb-2022,00:00:23,235,-45.0,Unknown,Initializing,1,1,0,0,2453,NA,MTX-04,FSAUS
307,4433,WARNING4433-Zone Right_TS_2D is taking too long to reach setpoint.,SC1_Handler:TCS,0,0,Other,0,0,0,0,0,09:17:21 09-Feb-2022,09:17:46 09-Feb-2022,00:00:25,235,-45.0,Unknown,Initializing,1,1,0,0,2453,NA,MTX-04,FSAUS
308,4435,WARNING4435-Zone Right_TS_4D is taking too long to reach setpoint.,SC1_Handler:TCS,0,0,Other,0,0,0,0,0,09:17:22 09-Feb-2022,09:20:32 09-Feb-2022,00:03:10,234,-45.0,Unknown,Initializing,1,1,0,0,2453,NA,MTX-04,FSAUS
309,4394,WARNING4394-Detected Invalid RTD read for Right_TS_1C  for 60 s. Closing Main LN2 valve.,SC1_Handler:TCS,0,Assist,Other,0,0,0,1,0,09:17:32 09-Feb-2022,09:24:41 09-Feb-2022,00:07:09,224,-45.0,Unknown,Initializing,1,1,0,0,2453,5,MTX-04,FSAUS
310,4333,WARNING4333-Right_TS_2D  has invalid configuration data.,SC1_Handler:TCS,0,0,Other,0,0,0,0,0,09:17:36 09-Feb-2022,09:17:38 09-Feb-2022,00:00:02,220,-45.0,Unknown,Initializing,1,1,0,0,2453,NA,MTX-04,FSAUS
311,4329,WARNING4329-Left_TS_2D  has received a board failure notification.,SC1_Handler:TCS,0,0,Other,0,0,0,0,0,09:18:45 09-Feb-2022,09:18:49 09-Feb-2022,00:00:04,151,-45.0,Unknown,Initializing,1,1,0,0,2453,NA,MTX-04,FSAUS
312,4305,WARNING4305-Left_TS_2A  has received a board failure notification.,SC1_Handler:TCS,0,0,Other,0,0,0,0,0,09:18:46 09-Feb-2022,09:18:53 09-Feb-2022,00:00:07,150,-45.0,Unknown,Initializing,1,1,0,0,2453,NA,MTX-04,FSAUS
313,4313,WARNING4313-Left_TS_2B  has received a board failure notification.,SC1_Handler:TCS,0,0,Other,0,0,0,0,0,09:18:47 09-Feb-2022,09:18:54 09-Feb-2022,00:00:07,149,-45.0,Unknown,Initializing,1,1,0,0,2453,NA,MTX-04,FSAUS
314,4321,WARNING4321-Left_TS_2C  has received a board failure notification.,SC1_Handler:TCS,0,0,Other,0,0,0,0,0,09:18:47 09-Feb-2022,09:18:49 09-Feb-2022,00:00:02,149,-45.0,Unknown,Initializing,1,1,0,0,2453,NA,MTX-04,FSAUS
315,4389,WARNING4389-Internal regulated LN2 pressure was reported by the PPC as out of range.  Please verify regulated LN2 pressure displayed on the PPC is within expected operating range.  If PPC pressure display is out of range; or no display is present; check facility LN2 inlet pressure or troubleshoot handler cold gas control subsystem fault as required.,SC1_Handler:TCS,0,0,Other,0,0,0,0,0,09:19:35 09-Feb-2022,09:20:52 09-Feb-2022,00:01:17,101,-45.0,Unknown,Initializing,1,1,0,0,2453,NA,MTX-04,FSAUS
316,4332,WARNING4332-Right_TS_1D  potential temp. climb runaway condition detected.,SC1_Handler:TCS,0,0,Other,0,0,0,0,0,09:20:29 09-Feb-2022,09:24:10 09-Feb-2022,00:03:41,47,-45.0,Unknown,Initializing,1,1,0,0,2453,NA,MTX-04,FSAUS
317,4331,WARNING4331-Left_TS_4D  potential temp. climb runaway condition detected.,SC1_Handler:TCS,0,Assist,Other,0,0,0,1,0,09:25:42 09-Feb-2022,09:27:40 09-Feb-2022,00:01:58,111,-45.0,Unknown,Initializing,1,1,0,0,2453,5,MTX-04,FSAUS
318,4437,WARNING4437-Zone Left_Desoak_Shuttle is taking too long to reach setpoint.,SC1_Handler:TCS,0,0,Other,0,0,0,0,0,09:27:24 09-Feb-2022,09:27:26 09-Feb-2022,00:00:02,9,-45.0,Unknown,Initializing,1,1,0,0,2453,NA,MTX-04,FSAUS
319,4438,WARNING4438-Zone Right_Desoak_Shuttle is taking too long to reach setpoint.,SC1_Handler:TCS,0,0,Other,0,0,0,0,0,09:27:25 09-Feb-2022,09:27:30 09-Feb-2022,00:00:05,8,-45.0,Unknown,Initializing,1,1,0,0,2453,NA,MTX-04,FSAUS
320,4306,WARNING4306-Left_TS_3A  experiencing invalid RTD data read.,SC1_Handler:TCS,0,0,Other,0,0,0,0,0,09:33:50 09-Feb-2022,09:34:31 09-Feb-2022,00:00:41,13,-45.0,Unknown,Initializing,1,1,0,0,2453,NA,MTX-04,FSAUS
321,4320,WARNING4320-Left_TS_1C  experiencing invalid RTD data read.,SC1_Handler:TCS,0,0,Other,0,0,0,0,0,09:33:51 09-Feb-2022,09:34:05 09-Feb-2022,00:00:14,12,-45.0,Unknown,Initializing,1,1,0,0,2453,NA,MTX-04,FSAUS
322,4307,WARNING4307-Left_TS_4A  experiencing invalid RTD data read.,SC1_Handler:TCS,0,0,Other,0,0,0,0,0,09:33:52 09-Feb-2022,09:34:06 09-Feb-2022,00:00:14,11,-45.0,Unknown,Initializing,1,1,0,0,2453,NA,MTX-04,FSAUS
323,4304,WARNING4304-Left_TS_1A  experiencing invalid RTD data read.,SC1_Handler:TCS,0,0,Other,0,0,0,0,0,09:34:02 09-Feb-2022,09:34:06 09-Feb-2022,00:00:04,1,-45.0,Unknown,Initializing,1,1,0,0,2453,NA,MTX-04,FSAUS
324,4305,WARNING4305-Left_TS_2A  experiencing invalid RTD data read.,SC1_Handler:TCS,0,0,Other,0,0,0,0,0,09:34:03 09-Feb-2022,09:34:07 09-Feb-2022,00:00:04,40,-45.0,Unknown,Initializing,1,1,0,0,2453,NA,MTX-04,FSAUS
325,4322,WARNING4322-Left_TS_3C  experiencing invalid RTD data read.,SC1_Handler:TCS,0,0,Other,0,0,0,0,0,09:34:04 09-Feb-2022,09:34:07 09-Feb-2022,00:00:03,39,-45.0,Unknown,Initializing,1,1,0,0,2453,NA,MTX-04,FSAUS
326,9001,WARNING9001-*Configuration Validation Rule Violation has occurred.,Machine:UI,0,0,Other,0,0,0,0,0,09:34:05 09-Feb-2022,09:36:15 09-Feb-2022,00:02:10,38,-45.0,Unknown,Initializing,1,1,0,0,2453,NA,MTX-04,FSAUS
327,4315,WARNING4315-Left_TS_4B  experiencing invalid RTD data read.,SC1_Handler:TCS,0,0,Reboot,0,1,0,0,0,09:34:08 09-Feb-2022,20:25:37 10-Feb-2022,34:51:29,35,-45.0,Unknown,Initializing,1,1,0,0,2453,NA,MTX-04,FSAUS
328,4319,WARNING4319-Right_TS_4B  reporting invalid temperature data.,SC1_Handler:TCS,0,0,Other,0,0,0,0,0,09:34:28 09-Feb-2022,09:34:30 09-Feb-2022,00:00:02,15,-45.0,Unknown,Initializing,1,1,0,0,2453,NA,MTX-04,FSAUS
329,4325,WARNING4325-Right_TS_2C  experiencing invalid RTD data read.,SC1_Handler:TCS,0,0,Other,0,0,0,0,0,09:39:59 09-Feb-2022,09:40:03 09-Feb-2022,00:00:04,605,-45.0,Unknown,Initializing,1,1,0,0,2453,NA,MTX-04,FSAUS
330,9001,WARNING9001-*Configuration Validation Rule Violation has occurred.,Machine:UI,0,0,Other,0,0,0,0,0,09:40:01 09-Feb-2022,09:40:06 09-Feb-2022,00:00:05,603,-45.0,Unknown,Initializing,1,1,0,0,2453,NA,MTX-04,FSAUS
331,4425,WARNING4425-Zone Right_TS_2C is taking too long to reach setpoint.,SC1_Handler:TCS,0,0,Other,0,0,0,0,0,09:50:04 09-Feb-2022,09:50:20 09-Feb-2022,00:00:16,0,-45.0,Unknown,Flushing,1,1,0,0,2453,NA,MTX-04,FSAUS
332,6451,WARNING6451-Partial Input Tray Detected at Input TPS1; Please confirm and Clear; or Retry as required.,SC1_Handler:PnP_Input,0,0,Other,0,0,0,0,0,09:55:52 09-Feb-2022,09:55:53 09-Feb-2022,00:00:01,12617,-45.0,Productive,Running,1,1,0,0,2453,NA,MTX-04,FSAUS
333,4321,WARNING4321-Left_TS_2C  reporting invalid temperature data.,SC1_Handler:TCS,0,0,Other,0,0,0,0,0,10:05:49 09-Feb-2022,10:05:50 09-Feb-2022,00:00:01,12020,-45.0,Productive,Running,1,1,0,0,2453,NA,MTX-04,FSAUS
334,6451,WARNING6451-Partial Input Tray Detected at Input TPS1; Please confirm and Clear; or Retry as required.,SC1_Handler:PnP_Input,0,Assist,Other,0,0,0,0,1,13:26:09 09-Feb-2022,13:27:53 09-Feb-2022,00:01:44,21583,150.0,Productive,Running,1,1,0,0,2453,5,MTX-04,FSAUS
335,4331,WARNING4331-Left_TS_4D  experiencing invalid RTD data read.,SC1_Handler:TCS,0,Assist,Reboot,0,1,0,3,0,19:25:51 09-Feb-2022,20:25:37 10-Feb-2022,24:59:46,1,50.0,Productive,Running,1,1,0,0,2453,5,MTX-04,FSAUS
336,9001,WARNING9001-*Configuration Validation Rule Violation has occurred.,Machine:UI,0,Assist,Reboot,0,1,0,0,1,19:25:54 09-Feb-2022,20:25:37 10-Feb-2022,24:59:43,13290,50.0,Productive,Running,1,1,0,0,2453,5,MTX-04,FSAUS
337,4394,WARNING4394-Detected Invalid RTD read for Left_TS_4D  for 60 s. Closing Main LN2 valve.,SC1_Handler:TCS,0,Assist,Other,0,0,0,1,0,19:26:51 09-Feb-2022,23:06:54 09-Feb-2022,03:40:03,13233,50.0,Productive,Running,1,1,0,0,2453,5,MTX-04,FSAUS
338,4400,WARNING4400-Zone Input_Chamber is taking too long to reach setpoint.,SC1_Handler:TCS,0,0,Other,0,0,0,0,0,20:33:25 09-Feb-2022,21:52:29 09-Feb-2022,01:19:04,9239,50.0,Productive,Running,1,1,0,0,2453,NA,MTX-04,FSAUS
339,4401,WARNING4401-Zone Transfer_Chamber is taking too long to reach setpoint.,SC1_Handler:TCS,0,0,Other,0,0,0,0,0,20:33:27 09-Feb-2022,21:29:21 09-Feb-2022,00:55:54,9237,50.0,Productive,Running,1,1,0,0,2453,NA,MTX-04,FSAUS
340,4394,WARNING4394-Detected Invalid RTD read for Left_TS_4D  for 60 s. Closing Main LN2 valve.,SC1_Handler:TCS,0,Assist,Other,0,0,0,1,0,12:24:32 10-Feb-2022,19:39:49 10-Feb-2022,07:15:17,26112,25.0,Productive,Running,1,1,0,0,2453,5,MTX-04,FSAUS
341,4402,WARNING4402-Zone Left_Input_Shuttle is taking too long to reach setpoint.,SC1_Handler:TCS,0,0,Other,0,0,0,0,0,12:42:03 10-Feb-2022,12:46:23 10-Feb-2022,00:04:20,25061,25.0,Productive,Running,1,1,0,0,2453,NA,MTX-04,FSAUS
342,4401,WARNING4401-Zone Transfer_Chamber is taking too long to reach setpoint.,SC1_Handler:TCS,0,0,Other,0,0,0,0,0,12:42:06 10-Feb-2022,12:46:23 10-Feb-2022,00:04:17,25058,25.0,Productive,Running,1,1,0,0,2453,NA,MTX-04,FSAUS
343,4403,WARNING4403-Zone Right_Input_Shuttle is taking too long to reach setpoint.,SC1_Handler:TCS,0,0,Other,0,0,0,0,0,12:42:06 10-Feb-2022,12:46:34 10-Feb-2022,00:04:28,25058,25.0,Productive,Running,1,1,0,0,2453,NA,MTX-04,FSAUS
344,4418,WARNING4418-Zone Right_TS_3B is taking too long to reach setpoint.,SC1_Handler:TCS,0,0,Other,0,0,0,0,0,12:42:08 10-Feb-2022,12:46:34 10-Feb-2022,00:04:26,25056,25.0,Productive,Running,1,1,0,0,2453,NA,MTX-04,FSAUS
345,4419,WARNING4419-Zone Right_TS_4B is taking too long to reach setpoint.,SC1_Handler:TCS,0,0,Other,0,0,0,0,0,12:42:08 10-Feb-2022,12:45:46 10-Feb-2022,00:03:38,25056,25.0,Productive,Running,1,1,0,0,2453,NA,MTX-04,FSAUS
346,4421,WARNING4421-Zone Left_TS_2C is taking too long to reach setpoint.,SC1_Handler:TCS,0,0,Other,0,0,0,0,0,12:42:10 10-Feb-2022,12:46:35 10-Feb-2022,00:04:25,25054,25.0,Productive,Running,1,1,0,0,2453,NA,MTX-04,FSAUS
347,4428,WARNING4428-Zone Left_TS_1D is taking too long to reach setpoint.,SC1_Handler:TCS,0,0,Other,0,0,0,0,0,12:42:10 10-Feb-2022,12:46:37 10-Feb-2022,00:04:27,25054,25.0,Productive,Running,1,1,0,0,2453,NA,MTX-04,FSAUS
348,4422,WARNING4422-Zone Left_TS_3C is taking too long to reach setpoint.,SC1_Handler:TCS,0,0,Other,0,0,0,0,0,12:42:10 10-Feb-2022,12:44:18 10-Feb-2022,00:02:08,25054,25.0,Productive,Running,1,1,0,0,2453,NA,MTX-04,FSAUS
349,4425,WARNING4425-Zone Right_TS_2C is taking too long to reach setpoint.,SC1_Handler:TCS,0,0,Other,0,0,0,0,0,12:42:12 10-Feb-2022,12:44:12 10-Feb-2022,00:02:00,25052,25.0,Productive,Running,1,1,0,0,2453,NA,MTX-04,FSAUS
350,4427,WARNING4427-Zone Right_TS_4C is taking too long to reach setpoint.,SC1_Handler:TCS,0,0,Other,0,0,0,0,0,12:42:12 10-Feb-2022,12:46:35 10-Feb-2022,00:04:23,25052,25.0,Productive,Running,1,1,0,0,2453,NA,MTX-04,FSAUS
351,4433,WARNING4433-Zone Right_TS_2D is taking too long to reach setpoint.,SC1_Handler:TCS,0,0,Other,0,0,0,0,0,12:42:12 10-Feb-2022,12:46:37 10-Feb-2022,00:04:25,25052,25.0,Productive,Running,1,1,0,0,2453,NA,MTX-04,FSAUS
352,4435,WARNING4435-Zone Right_TS_4D is taking too long to reach setpoint.,SC1_Handler:TCS,0,0,Other,0,0,0,0,0,12:42:13 10-Feb-2022,12:46:37 10-Feb-2022,00:04:24,25051,25.0,Productive,Running,1,1,0,0,2453,NA,MTX-04,FSAUS
353,4400,WARNING4400-Zone Input_Chamber is taking too long to reach setpoint.,SC1_Handler:TCS,0,0,Other,0,0,0,0,0,12:42:37 10-Feb-2022,12:46:22 10-Feb-2022,00:03:45,25027,25.0,Productive,Running,1,1,0,0,2453,NA,MTX-04,FSAUS
354,10001,WARNING10001-Left TPS Access Door was detected to be open without first requesting it to be unlocked.  Must re-init to recover.  Please check all door locks and make sure they do not report open when they are pulled on while locked.,SC1_Handler,0,0,Reboot,0,1,0,0,0,20:16:40 10-Feb-2022,20:25:37 10-Feb-2022,00:08:57,733,150.0,Productive,Running,1,1,0,0,2453,NA,MTX-04,FSAUS
355,4336,WARNING4336-Contactor  has invalid configuration data.,SC1_Handler:TCS,0,0,Reboot,0,1,0,0,0,20:16:40 10-Feb-2022,20:25:37 10-Feb-2022,00:08:57,733,150.0,Productive,Running,1,1,0,0,2453,NA,MTX-04,FSAUS
356,4338,WARNING4338-Right_Desoak_Shuttle  has received no response on comm line.,SC1_Handler:TCS,0,0,Reboot,0,1,0,0,0,20:16:42 10-Feb-2022,20:25:37 10-Feb-2022,00:08:55,731,150.0,Productive,Running,1,1,0,0,2453,NA,MTX-04,FSAUS
357,4300,WARNING4300-Input_Chamber  has received no response on comm line.,SC1_Handler:TCS,0,0,Other,0,0,0,0,0,20:16:42 10-Feb-2022,20:16:52 10-Feb-2022,00:00:10,731,150.0,Productive,Running,1,1,0,0,2453,NA,MTX-04,FSAUS
358,4321,WARNING4321-Left_TS_2C  has received no response on comm line.,SC1_Handler:TCS,0,0,Reboot,0,1,0,0,0,20:16:42 10-Feb-2022,20:25:37 10-Feb-2022,00:08:55,731,150.0,Productive,Running,1,1,0,0,2453,NA,MTX-04,FSAUS
359,4322,WARNING4322-Left_TS_3C  has received no response on comm line.,SC1_Handler:TCS,0,0,Reboot,0,1,0,0,0,20:16:43 10-Feb-2022,20:25:37 10-Feb-2022,00:08:54,730,150.0,Productive,Running,1,1,0,0,2453,NA,MTX-04,FSAUS
360,4309,WARNING4309-Right_TS_2A  has received no response on comm line.,SC1_Handler:TCS,0,0,Reboot,0,1,0,0,0,20:16:44 10-Feb-2022,20:25:37 10-Feb-2022,00:08:53,729,150.0,Productive,Running,1,1,0,0,2453,NA,MTX-04,FSAUS
361,4318,WARNING4318-Right_TS_3B  has received no response on comm line.,SC1_Handler:TCS,0,0,Reboot,0,1,0,0,0,20:16:45 10-Feb-2022,20:25:37 10-Feb-2022,00:08:52,728,150.0,Productive,Running,1,1,0,0,2453,NA,MTX-04,FSAUS
362,4345,WARNING4345-Input_Shuttles_Cold_Gas  has received no response on comm line.,SC1_Handler:TCS,0,0,Reboot,0,1,0,0,0,20:16:45 10-Feb-2022,20:25:37 10-Feb-2022,00:08:52,728,150.0,Productive,Running,1,1,0,0,2453,NA,MTX-04,FSAUS
363,4339,WARNING4339-Testsite_Humidity  has received no response on comm line.,SC1_Handler:TCS,0,0,Reboot,0,1,0,0,0,20:16:46 10-Feb-2022,20:25:37 10-Feb-2022,00:08:51,727,150.0,Productive,Running,1,1,0,0,2453,NA,MTX-04,FSAUS
364,4346,WARNING4346-Left_Ts_Cold_Gas  has received no response on comm line.,SC1_Handler:TCS,0,0,Reboot,0,1,0,0,0,20:16:46 10-Feb-2022,20:25:37 10-Feb-2022,00:08:51,727,150.0,Productive,Running,1,1,0,0,2453,NA,MTX-04,FSAUS
365,4301,WARNING4301-Transfer_Chamber  has received no response on comm line.,SC1_Handler:TCS,0,0,Other,0,0,0,0,0,20:16:47 10-Feb-2022,20:16:53 10-Feb-2022,00:00:06,726,150.0,Productive,Running,1,1,0,0,2453,NA,MTX-04,FSAUS
366,4328,WARNING4328-Left_TS_1D  has received no response on comm line.,SC1_Handler:TCS,0,0,Reboot,0,1,0,0,0,20:16:49 10-Feb-2022,20:25:37 10-Feb-2022,00:08:48,724,150.0,Productive,Running,1,1,0,0,2453,NA,MTX-04,FSAUS
367,4323,WARNING4323-Left_TS_4C  has received no response on comm line.,SC1_Handler:TCS,0,0,Reboot,0,1,0,0,0,20:16:49 10-Feb-2022,20:25:37 10-Feb-2022,00:08:48,724,150.0,Productive,Running,1,1,0,0,2453,NA,MTX-04,FSAUS
368,4319,WARNING4319-Right_TS_4B  has received no response on comm line.,SC1_Handler:TCS,0,0,Reboot,0,1,0,0,0,20:16:52 10-Feb-2022,20:25:37 10-Feb-2022,00:08:45,721,150.0,Productive,Running,1,1,0,0,2453,NA,MTX-04,FSAUS
369,9001,WARNING9001-*Configuration Validation Rule Violation has occurred.,Machine:UI,0,0,Other,0,0,0,0,0,20:26:44 10-Feb-2022,20:49:20 10-Feb-2022,00:22:36,129,25.0,Productive,Uninit,1,1,0,0,2453,NA,MTX-04,FSAUS
370,4331,WARNING4331-Left_TS_4D  experiencing invalid RTD data read.,SC1_Handler:TCS,0,0,Other,0,0,0,0,0,20:30:30 10-Feb-2022,20:49:17 10-Feb-2022,00:18:47,2607,150.0,Productive,Initializing,1,1,0,0,2453,NA,MTX-04,FSAUS
371,4323,WARNING4323-Left_TS_4C  experiencing invalid RTD data read.,SC1_Handler:TCS,0,0,Other,0,0,0,0,0,20:43:45 10-Feb-2022,20:43:58 10-Feb-2022,00:00:13,1812,150.0,Productive,Initializing,1,1,0,0,2453,NA,MTX-04,FSAUS
372,4307,WARNING4307-Left_TS_4A  experiencing invalid RTD data read.,SC1_Handler:TCS,0,0,Other,0,0,0,0,0,20:43:54 10-Feb-2022,20:43:58 10-Feb-2022,00:00:04,1803,150.0,Productive,Initializing,1,1,0,0,2453,NA,MTX-04,FSAUS
373,6451,WARNING6451-Partial Input Tray Detected at Input TPS1; Please confirm and Clear; or Retry as required.,SC1_Handler:PnP_Input,0,Assist,Other,0,0,0,0,1,21:13:57 10-Feb-2022,21:16:17 10-Feb-2022,00:02:20,5363,150.0,Productive,Running,1,1,0,0,2453,5,MTX-04,FSAUS
374,12902,WARNING12902-A device is being tested. Do you want to stop? 
 Yes - Stop immediately; test will fail. 
 No - Do not stop.  
 Cancel - Stop after test,SC1_Handler:Ts_Coord,0,0,Other,0,0,0,0,0,22:43:20 10-Feb-2022,23:25:46 10-Feb-2022,00:42:26,22,150.0,Unknown,Running,1,1,0,0,2481,NA,MTX-04,FSAUS
377,10001,WARNING10001-Left TPS Access Door was detected to be open without first requesting it to be unlocked.  Must re-init to recover.  Please check all door locks and make sure they do not report open when they are pulled on while locked.,SC1_Handler,0,0,Reboot,0,1,0,0,0,01:30:22 11-Feb-2022,01:39:30 11-Feb-2022,00:09:08,748,150.0,Unknown,Flushing,3,1,0,0,2481,NA,MTX-04,FSAUS
378,4336,WARNING4336-Contactor  has invalid configuration data.,SC1_Handler:TCS,0,0,Other,0,0,0,0,0,01:30:23 11-Feb-2022,01:30:40 11-Feb-2022,00:00:17,747,150.0,Unknown,Flushing,3,1,0,0,2481,NA,MTX-04,FSAUS
379,4339,WARNING4339-Testsite_Humidity  has received no response on comm line.,SC1_Handler:TCS,0,0,Other,0,0,0,0,0,01:30:26 11-Feb-2022,01:30:46 11-Feb-2022,00:00:20,744,150.0,Unknown,Flushing,3,1,0,0,2481,NA,MTX-04,FSAUS
380,4300,WARNING4300-Input_Chamber  has received no response on comm line.,SC1_Handler:TCS,0,0,Other,0,0,0,0,0,01:30:26 11-Feb-2022,01:30:32 11-Feb-2022,00:00:06,744,150.0,Unknown,Flushing,3,1,0,0,2481,NA,MTX-04,FSAUS
381,4304,WARNING4304-Left_TS_1A  has received no response on comm line.,SC1_Handler:TCS,0,0,Other,0,0,0,0,0,01:30:27 11-Feb-2022,01:30:57 11-Feb-2022,00:00:30,743,150.0,Unknown,Flushing,3,1,0,0,2481,NA,MTX-04,FSAUS
382,9001,WARNING9001-*Configuration Validation Rule Violation has occurred.,Machine:UI,0,0,Reboot,0,1,0,0,0,01:30:27 11-Feb-2022,01:39:30 11-Feb-2022,00:09:03,743,150.0,Unknown,Flushing,3,1,0,0,2481,NA,MTX-04,FSAUS
383,4307,WARNING4307-Left_TS_4A  has received no response on comm line.,SC1_Handler:TCS,0,0,Other,0,0,0,0,0,01:30:28 11-Feb-2022,01:30:58 11-Feb-2022,00:00:30,742,150.0,Unknown,Flushing,3,1,0,0,2481,NA,MTX-04,FSAUS
384,4309,WARNING4309-Right_TS_2A  has received no response on comm line.,SC1_Handler:TCS,0,0,Other,0,0,0,0,0,01:30:28 11-Feb-2022,01:30:59 11-Feb-2022,00:00:31,742,150.0,Unknown,Flushing,3,1,0,0,2481,NA,MTX-04,FSAUS
385,4311,WARNING4311-Right_TS_4A  has received no response on comm line.,SC1_Handler:TCS,0,0,Other,0,0,0,0,0,01:30:28 11-Feb-2022,01:31:02 11-Feb-2022,00:00:34,742,150.0,Unknown,Flushing,3,1,0,0,2481,NA,MTX-04,FSAUS
386,4342,WARNING4342-Input_Chamber_Cold_Gas  has received no response on comm line.,SC1_Handler:TCS,0,0,Other,0,0,0,0,0,01:30:29 11-Feb-2022,01:30:44 11-Feb-2022,00:00:15,741,150.0,Unknown,Flushing,3,1,0,0,2481,NA,MTX-04,FSAUS
387,4302,WARNING4302-Left_Input_Shuttle  has received no response on comm line.,SC1_Handler:TCS,0,0,Other,0,0,0,0,0,01:30:29 11-Feb-2022,01:30:39 11-Feb-2022,00:00:10,741,150.0,Unknown,Flushing,3,1,0,0,2481,NA,MTX-04,FSAUS
388,4343,WARNING4343-Transfer_Chamber_Cold_Gas  has received no response on comm line.,SC1_Handler:TCS,0,0,Other,0,0,0,0,0,01:30:30 11-Feb-2022,01:30:44 11-Feb-2022,00:00:14,740,150.0,Unknown,Flushing,3,1,0,0,2481,NA,MTX-04,FSAUS
389,4301,WARNING4301-Transfer_Chamber  has received no response on comm line.,SC1_Handler:TCS,0,0,Other,0,0,0,0,0,01:30:30 11-Feb-2022,01:30:32 11-Feb-2022,00:00:02,740,150.0,Unknown,Flushing,3,1,0,0,2481,NA,MTX-04,FSAUS
390,4318,WARNING4318-Right_TS_3B  has received no response on comm line.,SC1_Handler:TCS,0,0,Other,0,0,0,0,0,01:30:31 11-Feb-2022,01:31:09 11-Feb-2022,00:00:38,739,150.0,Unknown,Flushing,3,1,0,0,2481,NA,MTX-04,FSAUS
391,4351,WARNING4351-No communication with chamber temp board,SC1_Handler:TCS,0,0,Reboot,0,1,0,0,0,01:30:33 11-Feb-2022,01:39:30 11-Feb-2022,00:08:57,737,150.0,Unknown,Flushing,3,1,0,0,2481,NA,MTX-04,FSAUS
392,4344,WARNING4344-Contactor_Cold_Gas  has received no response on comm line.,SC1_Handler:TCS,0,0,Other,0,0,0,0,0,01:30:33 11-Feb-2022,01:30:40 11-Feb-2022,00:00:07,737,150.0,Unknown,Flushing,3,1,0,0,2481,NA,MTX-04,FSAUS
393,4303,WARNING4303-Right_Input_Shuttle  has received no response on comm line.,SC1_Handler:TCS,0,0,Other,0,0,0,0,0,01:30:33 11-Feb-2022,01:30:39 11-Feb-2022,00:00:06,737,150.0,Unknown,Flushing,3,1,0,0,2481,NA,MTX-04,FSAUS
394,4345,WARNING4345-Input_Shuttles_Cold_Gas  has received no response on comm line.,SC1_Handler:TCS,0,0,Other,0,0,0,0,0,01:30:34 11-Feb-2022,01:30:40 11-Feb-2022,00:00:06,736,150.0,Unknown,Flushing,3,1,0,0,2481,NA,MTX-04,FSAUS
395,4312,WARNING4312-Left_TS_1B  has received no response on comm line.,SC1_Handler:TCS,0,0,Other,0,0,0,0,0,01:30:36 11-Feb-2022,01:30:57 11-Feb-2022,00:00:21,734,150.0,Unknown,Flushing,3,1,0,0,2481,NA,MTX-04,FSAUS
396,4317,WARNING4317-Right_TS_2B  has received no response on comm line.,SC1_Handler:TCS,0,0,Other,0,0,0,0,0,01:30:36 11-Feb-2022,01:30:59 11-Feb-2022,00:00:23,734,150.0,Unknown,Flushing,3,1,0,0,2481,NA,MTX-04,FSAUS
397,4319,WARNING4319-Right_TS_4B  has received no response on comm line.,SC1_Handler:TCS,0,0,Other,0,0,0,0,0,01:30:37 11-Feb-2022,01:31:02 11-Feb-2022,00:00:25,733,150.0,Unknown,Flushing,3,1,0,0,2481,NA,MTX-04,FSAUS
398,4346,WARNING4346-Left_Ts_Cold_Gas  has received no response on comm line.,SC1_Handler:TCS,0,0,Other,0,0,0,0,0,01:30:37 11-Feb-2022,01:30:41 11-Feb-2022,00:00:04,733,150.0,Unknown,Flushing,3,1,0,0,2481,NA,MTX-04,FSAUS
399,4352,WARNING4352-No communication with shuttles/contactor temp board,SC1_Handler:TCS,0,0,Reboot,0,1,0,0,0,01:30:40 11-Feb-2022,01:39:30 11-Feb-2022,00:08:50,730,150.0,Unknown,Flushing,3,1,0,0,2481,NA,MTX-04,FSAUS
400,4363,WARNING4363-No communication with Cold Gas temp board 2,SC1_Handler:TCS,0,0,Reboot,0,1,0,0,0,01:30:41 11-Feb-2022,01:39:30 11-Feb-2022,00:08:49,729,150.0,Unknown,Flushing,3,1,0,0,2481,NA,MTX-04,FSAUS
401,4322,WARNING4322-Left_TS_3C  has received no response on comm line.,SC1_Handler:TCS,0,0,Other,0,0,0,0,0,01:30:42 11-Feb-2022,01:31:06 11-Feb-2022,00:00:24,728,150.0,Unknown,Flushing,3,1,0,0,2481,NA,MTX-04,FSAUS
402,4326,WARNING4326-Right_TS_3C  has received no response on comm line.,SC1_Handler:TCS,0,0,Other,0,0,0,0,0,01:30:42 11-Feb-2022,01:31:09 11-Feb-2022,00:00:27,728,150.0,Unknown,Flushing,3,1,0,0,2481,NA,MTX-04,FSAUS
403,4340,WARNING4340-Chamber_Cover  has received no response on comm line.,SC1_Handler:TCS,0,0,Other,0,0,0,0,0,01:30:43 11-Feb-2022,01:30:45 11-Feb-2022,00:00:02,727,150.0,Unknown,Flushing,3,1,0,0,2481,NA,MTX-04,FSAUS
404,4337,WARNING4337-Left_Desoak_Shuttle  has received no response on comm line.,SC1_Handler:TCS,0,0,Other,0,0,0,0,0,01:30:44 11-Feb-2022,01:30:45 11-Feb-2022,00:00:01,726,150.0,Unknown,Flushing,3,1,0,0,2481,NA,MTX-04,FSAUS
405,4362,WARNING4362-No communication with Cold Gas temp board 1,SC1_Handler:TCS,0,0,Reboot,0,1,0,0,0,01:30:45 11-Feb-2022,01:39:30 11-Feb-2022,00:08:45,725,150.0,Unknown,Flushing,3,1,0,0,2481,NA,MTX-04,FSAUS
406,4361,WARNING4361-No communication with Cold Ext temp board,SC1_Handler:TCS,0,0,Reboot,0,1,0,0,0,01:30:46 11-Feb-2022,01:39:30 11-Feb-2022,00:08:44,724,150.0,Unknown,Flushing,3,1,0,0,2481,NA,MTX-04,FSAUS
407,4320,WARNING4320-Left_TS_1C  has received no response on comm line.,SC1_Handler:TCS,0,0,Other,0,0,0,0,0,01:30:47 11-Feb-2022,01:30:58 11-Feb-2022,00:00:11,723,150.0,Unknown,Flushing,3,1,0,0,2481,NA,MTX-04,FSAUS
408,4323,WARNING4323-Left_TS_4C  has received no response on comm line.,SC1_Handler:TCS,0,0,Other,0,0,0,0,0,01:30:47 11-Feb-2022,01:30:59 11-Feb-2022,00:00:12,723,150.0,Unknown,Flushing,3,1,0,0,2481,NA,MTX-04,FSAUS
409,4325,WARNING4325-Right_TS_2C  has received no response on comm line.,SC1_Handler:TCS,0,0,Other,0,0,0,0,0,01:30:47 11-Feb-2022,01:31:00 11-Feb-2022,00:00:13,723,150.0,Unknown,Flushing,3,1,0,0,2481,NA,MTX-04,FSAUS
410,4327,WARNING4327-Right_TS_4C  has received no response on comm line.,SC1_Handler:TCS,0,0,Other,0,0,0,0,0,01:30:48 11-Feb-2022,01:31:03 11-Feb-2022,00:00:15,722,150.0,Unknown,Flushing,3,1,0,0,2481,NA,MTX-04,FSAUS
411,4321,WARNING4321-Left_TS_2C  has received no response on comm line.,SC1_Handler:TCS,0,0,Other,0,0,0,0,0,01:30:51 11-Feb-2022,01:31:08 11-Feb-2022,00:00:17,719,150.0,Unknown,Flushing,3,1,0,0,2481,NA,MTX-04,FSAUS
412,4330,WARNING4330-Left_TS_3D  has received no response on comm line.,SC1_Handler:TCS,0,0,Other,0,0,0,0,0,01:30:51 11-Feb-2022,01:31:06 11-Feb-2022,00:00:15,719,150.0,Unknown,Flushing,3,1,0,0,2481,NA,MTX-04,FSAUS
413,4334,WARNING4334-Right_TS_3D  has received no response on comm line.,SC1_Handler:TCS,0,0,Other,0,0,0,0,0,01:30:51 11-Feb-2022,01:31:09 11-Feb-2022,00:00:18,719,150.0,Unknown,Flushing,3,1,0,0,2481,NA,MTX-04,FSAUS
414,4328,WARNING4328-Left_TS_1D  has received no response on comm line.,SC1_Handler:TCS,0,0,Other,0,0,0,0,0,01:30:55 11-Feb-2022,01:30:58 11-Feb-2022,00:00:03,715,150.0,Unknown,Flushing,3,1,0,0,2481,NA,MTX-04,FSAUS
